Local time,Ask,Bid,AskVolume,BidVolume
02.01.2018 14:30:00.254 GMT-0000,10.472000000000001,10.408,0.001,0.0014
02.01.2018 14:30:00.517 GMT-0000,10.472000000000001,10.418,0.001,0.0001
02.01.2018 14:30:00.826 GMT-0000,10.423,10.407,0.0176,0.0002
02.01.2018 14:30:01.334 GMT-0000,10.422,10.398,0.028,0.0371
02.01.2018 14:30:01.430 GMT-0000,10.412,10.398,0.0002,0.0371
02.01.2018 14:30:01.532 GMT-0000,10.422,10.398,0.028,0.0377
02.01.2018 14:30:01.982 GMT-0000,10.412,10.398,0.0004,0.0375
02.01.2018 14:30:02.216 GMT-0000,10.422,10.407,0.0075,0.001
02.01.2018 14:30:03.229 GMT-0000,10.417,10.403,0.0075,0.0075
02.01.2018 14:30:03.774 GMT-0000,10.422,10.408,0.0217,0.0003
02.01.2018 14:30:05.524 GMT-0000,10.413,10.407,0.0075,0.0002
02.01.2018 14:30:06.179 GMT-0000,10.413,10.408,0.0003,0.0075
02.01.2018 14:30:06.234 GMT-0000,10.418,10.408,0.0075,0.0075
02.01.2018 14:30:06.938 GMT-0000,10.413,10.402000000000001,0.0101,0.0075
02.01.2018 14:30:08.386 GMT-0000,10.412,10.403,0.0075,0.0075
02.01.2018 14:30:12.215 GMT-0000,10.422,10.399000000000001,0.0097,0.0075
02.01.2018 14:30:13.086 GMT-0000,10.423,10.399000000000001,0.0229,0.0075
02.01.2018 14:30:13.639 GMT-0000,10.422,10.399000000000001,0.0098,0.0075
02.01.2018 14:30:15.068 GMT-0000,10.412,10.403,0.0075,0.0075
02.01.2018 14:30:16.114 GMT-0000,10.423,10.399000000000001,0.0231,0.0075
02.01.2018 14:30:17.068 GMT-0000,10.422,10.399000000000001,0.0098,0.0075
02.01.2018 14:30:17.118 GMT-0000,10.412,10.403,0.0075,0.0075
02.01.2018 14:30:18.066 GMT-0000,10.419,10.407,0.0075,0.0075
02.01.2018 14:30:18.548 GMT-0000,10.413,10.407,0.0075,0.0004
02.01.2018 14:30:19.069 GMT-0000,10.412,10.403,0.0075,0.0075
02.01.2018 14:30:20.348 GMT-0000,10.403,10.398,0.0075,0.0225
02.01.2018 14:30:20.398 GMT-0000,10.403,10.387,0.0107,0.0101
02.01.2018 14:30:21.240 GMT-0000,10.402000000000001,10.388,0.0007,0.0001
02.01.2018 14:30:21.869 GMT-0000,10.392000000000001,10.387,0.0031,0.0075
02.01.2018 14:30:21.969 GMT-0000,10.392000000000001,10.378,0.0016,0.0129
02.01.2018 14:30:22.072 GMT-0000,10.382000000000001,10.377,0.0075,0.0022
02.01.2018 14:30:22.123 GMT-0000,10.382000000000001,10.368,0.0107,0.0149
02.01.2018 14:30:27.714 GMT-0000,10.382000000000001,10.370999999999999,0.0005,0.0075
02.01.2018 14:30:28.156 GMT-0000,10.382000000000001,10.377,0.0005,0.0075
02.01.2018 14:30:28.206 GMT-0000,10.39,10.378,0.0075,0.0008
02.01.2018 14:30:28.849 GMT-0000,10.39,10.377,0.0075,0.0075
02.01.2018 14:30:29.213 GMT-0000,10.392000000000001,10.370000000000001,0.0123,0.0075
02.01.2018 14:30:31.122 GMT-0000,10.392000000000001,10.38,0.0017,0.0075
02.01.2018 14:30:33.216 GMT-0000,10.392000000000001,10.382000000000001,0.001,0.0075
02.01.2018 14:30:34.292 GMT-0000,10.392000000000001,10.378,0.0037,0.0172
02.01.2018 14:30:34.817 GMT-0000,10.392999999999999,10.378,0.0139,0.0075
02.01.2018 14:30:35.826 GMT-0000,10.392999999999999,10.379000000000001,0.0148,0.0075
02.01.2018 14:30:36.647 GMT-0000,10.392000000000001,10.379000000000001,0.0148,0.0075
02.01.2018 14:30:37.315 GMT-0000,10.392000000000001,10.38,0.0139,0.0075
02.01.2018 14:30:41.813 GMT-0000,10.391,10.378,0.0075,0.0075
02.01.2018 14:30:47.323 GMT-0000,10.399000000000001,10.388,0.0075,0.0004
02.01.2018 14:30:48.370 GMT-0000,10.402000000000001,10.392000000000001,0.0103,0.0075
02.01.2018 14:30:49.308 GMT-0000,10.403,10.398,0.0002,0.0075
02.01.2018 14:30:49.359 GMT-0000,10.408,10.398,0.0075,0.0156
02.01.2018 14:30:50.314 GMT-0000,10.412,10.402000000000001,0.0108,0.0075
02.01.2018 14:30:51.316 GMT-0000,10.412,10.398,0.0006,0.0156
02.01.2018 14:30:51.416 GMT-0000,10.42,10.398,0.0075,0.0156
02.01.2018 14:30:53.067 GMT-0000,10.402000000000001,10.389000000000001,0.0075,0.0075
02.01.2018 14:30:54.114 GMT-0000,10.399000000000001,10.388,0.0075,0.0005
02.01.2018 14:30:54.854 GMT-0000,10.392000000000001,10.380999999999998,0.0007,0.0075
02.01.2018 14:30:55.971 GMT-0000,10.392999999999999,10.380999999999998,0.0109,0.0075
02.01.2018 14:30:57.076 GMT-0000,10.392000000000001,10.379000000000001,0.0014,0.0075
02.01.2018 14:30:57.913 GMT-0000,10.392999999999999,10.377,0.0118,0.0117
02.01.2018 14:30:59.918 GMT-0000,10.392000000000001,10.378,0.0008,0.0013
02.01.2018 14:31:00.880 GMT-0000,10.392999999999999,10.378,0.01,0.0075
02.01.2018 14:31:01.221 GMT-0000,10.372,10.358,0.0075,0.0075
02.01.2018 14:31:02.914 GMT-0000,10.382000000000001,10.357000000000001,0.0075,0.0156
02.01.2018 14:31:03.129 GMT-0000,10.382000000000001,10.367,0.0075,0.0011
02.01.2018 14:31:04.009 GMT-0000,10.377,10.368,0.0075,0.0075
02.01.2018 14:31:05.517 GMT-0000,10.372,10.367,0.0075,0.0002
02.01.2018 14:31:05.568 GMT-0000,10.372,10.362,0.0075,0.0075
02.01.2018 14:31:06.614 GMT-0000,10.372,10.358,0.0008,0.0004
02.01.2018 14:31:08.348 GMT-0000,10.373,10.357000000000001,0.0102,0.0148
02.01.2018 14:31:08.884 GMT-0000,10.372,10.360999999999999,0.0002,0.0075
02.01.2018 14:31:09.445 GMT-0000,10.373,10.360999999999999,0.0106,0.0075
02.01.2018 14:31:10.131 GMT-0000,10.373,10.357000000000001,0.0105,0.011
02.01.2018 14:31:11.359 GMT-0000,10.372,10.358,0.0004,0.0044
02.01.2018 14:31:12.625 GMT-0000,10.372,10.359000000000002,0.0137,0.0075
02.01.2018 14:31:13.096 GMT-0000,10.362,10.357000000000001,0.0075,0.0042
02.01.2018 14:31:13.153 GMT-0000,10.362,10.347999999999999,0.0102,0.0401
02.01.2018 14:31:13.727 GMT-0000,10.372,10.358,0.0008,0.0018
02.01.2018 14:31:14.332 GMT-0000,10.372,10.362,0.0075,0.0075
02.01.2018 14:31:16.120 GMT-0000,10.370000000000001,10.357000000000001,0.0075,0.0102
02.01.2018 14:31:16.914 GMT-0000,10.370000000000001,10.358,0.0075,0.0029
02.01.2018 14:31:17.405 GMT-0000,10.382000000000001,10.373,0.0107,0.0075
02.01.2018 14:31:19.267 GMT-0000,10.383,10.378,0.0002,0.0075
02.01.2018 14:31:19.902 GMT-0000,10.388,10.378,0.0075,0.0075
02.01.2018 14:31:20.632 GMT-0000,10.392999999999999,10.38,0.0105,0.0075
02.01.2018 14:31:21.763 GMT-0000,10.392000000000001,10.38,0.0004,0.0075
02.01.2018 14:31:23.938 GMT-0000,10.392999999999999,10.38,0.0105,0.0075
02.01.2018 14:31:24.514 GMT-0000,10.392000000000001,10.383,0.0107,0.0075
02.01.2018 14:31:25.670 GMT-0000,10.392000000000001,10.380999999999998,0.0136,0.0075
02.01.2018 14:31:26.698 GMT-0000,10.387,10.378,0.0075,0.0009
02.01.2018 14:31:27.033 GMT-0000,10.392999999999999,10.38,0.0106,0.0075
02.01.2018 14:31:28.017 GMT-0000,10.387,10.378,0.0075,0.0009
02.01.2018 14:31:28.568 GMT-0000,10.387,10.377,0.0075,0.001
02.01.2018 14:31:30.605 GMT-0000,10.387,10.378,0.0075,0.001
02.01.2018 14:31:31.588 GMT-0000,10.387,10.377,0.0075,0.001
02.01.2018 14:31:32.318 GMT-0000,10.377,10.368,0.0075,0.0114
02.01.2018 14:31:33.547 GMT-0000,10.382000000000001,10.376,0.0004,0.0075
02.01.2018 14:31:34.180 GMT-0000,10.378,10.367,0.0075,0.0117
02.01.2018 14:31:35.199 GMT-0000,10.382000000000001,10.370000000000001,0.0151,0.0075
02.01.2018 14:31:38.092 GMT-0000,10.383,10.367,0.0109,0.0114
02.01.2018 14:31:39.114 GMT-0000,10.382000000000001,10.369000000000002,0.0075,0.0075
02.01.2018 14:31:41.415 GMT-0000,10.382000000000001,10.370000000000001,0.0108,0.0075
02.01.2018 14:31:42.358 GMT-0000,10.377,10.368,0.0075,0.001
02.01.2018 14:31:42.409 GMT-0000,10.372,10.362,0.0008,0.0075
02.01.2018 14:31:42.983 GMT-0000,10.369000000000002,10.358,0.0075,0.0002
02.01.2018 14:31:46.713 GMT-0000,10.366,10.358,0.0075,0.0002
02.01.2018 14:31:47.231 GMT-0000,10.366,10.357000000000001,0.0075,0.0002
02.01.2018 14:31:48.349 GMT-0000,10.370000000000001,10.358,0.0075,0.0075
02.01.2018 14:31:49.931 GMT-0000,10.370000000000001,10.357000000000001,0.0075,0.0104
02.01.2018 14:31:50.664 GMT-0000,10.370000000000001,10.358,0.0075,0.0002
02.01.2018 14:31:52.266 GMT-0000,10.369000000000002,10.357000000000001,0.0075,0.0104
02.01.2018 14:31:53.015 GMT-0000,10.370000000000001,10.357000000000001,0.0075,0.0104
02.01.2018 14:31:54.744 GMT-0000,10.370000000000001,10.358,0.0075,0.0002
02.01.2018 14:31:55.391 GMT-0000,10.370000000000001,10.357000000000001,0.0075,0.0105
02.01.2018 14:31:56.119 GMT-0000,10.370000000000001,10.358,0.0075,0.0004
02.01.2018 14:31:59.965 GMT-0000,10.366,10.358,0.0075,0.0004
02.01.2018 14:32:00.762 GMT-0000,10.367,10.358,0.0075,0.0106
02.01.2018 14:32:01.419 GMT-0000,10.373,10.363,0.0006,0.0075
02.01.2018 14:32:01.999 GMT-0000,10.368,10.358,0.0075,0.0109
02.01.2018 14:32:02.050 GMT-0000,10.362,10.357000000000001,0.0011,0.0075
02.01.2018 14:32:02.820 GMT-0000,10.363,10.358,0.0017,0.0075
02.01.2018 14:32:03.711 GMT-0000,10.362,10.354000000000001,0.0015,0.0075
02.01.2018 14:32:04.884 GMT-0000,10.363,10.354000000000001,0.0015,0.0075
02.01.2018 14:32:05.409 GMT-0000,10.363,10.352,0.0049,0.0075
02.01.2018 14:32:06.212 GMT-0000,10.363,10.354000000000001,0.0023,0.0075
02.01.2018 14:32:08.033 GMT-0000,10.363,10.353,0.0025,0.0075
02.01.2018 14:32:10.133 GMT-0000,10.362,10.353,0.0025,0.0075
02.01.2018 14:32:10.805 GMT-0000,10.363,10.353,0.0012,0.0075
02.01.2018 14:32:12.368 GMT-0000,10.362,10.353,0.001,0.0075
02.01.2018 14:32:15.205 GMT-0000,10.363,10.353,0.0009,0.0075
02.01.2018 14:32:15.992 GMT-0000,10.367,10.358,0.0075,0.0083
02.01.2018 14:32:16.182 GMT-0000,10.378,10.367,0.0075,0.0114
02.01.2018 14:32:16.232 GMT-0000,10.372,10.362,0.0113,0.0075
02.01.2018 14:32:17.805 GMT-0000,10.367,10.358,0.0075,0.0103
02.01.2018 14:32:18.714 GMT-0000,10.370999999999999,10.358,0.0075,0.0075
02.01.2018 14:32:19.766 GMT-0000,10.372,10.358,0.0075,0.0075
02.01.2018 14:32:23.388 GMT-0000,10.370000000000001,10.357000000000001,0.0075,0.0108
02.01.2018 14:32:24.412 GMT-0000,10.373,10.357000000000001,0.0109,0.0108
02.01.2018 14:32:27.168 GMT-0000,10.372,10.358,0.0015,0.0004
02.01.2018 14:32:28.771 GMT-0000,10.370999999999999,10.357000000000001,0.0075,0.0106
02.01.2018 14:32:30.360 GMT-0000,10.370999999999999,10.358,0.0075,0.0075
02.01.2018 14:32:35.019 GMT-0000,10.373,10.36,0.011,0.0075
02.01.2018 14:32:36.014 GMT-0000,10.372,10.358,0.0075,0.0075
02.01.2018 14:32:38.213 GMT-0000,10.373,10.360999999999999,0.0104,0.0075
02.01.2018 14:32:38.810 GMT-0000,10.372,10.360999999999999,0.0002,0.0075
02.01.2018 14:32:40.066 GMT-0000,10.373,10.360999999999999,0.0102,0.0075
02.01.2018 14:32:40.385 GMT-0000,10.378,10.368,0.0075,0.0006
02.01.2018 14:32:40.898 GMT-0000,10.382000000000001,10.372,0.0075,0.0075
02.01.2018 14:32:41.533 GMT-0000,10.392999999999999,10.367,0.0148,0.0168
02.01.2018 14:32:41.662 GMT-0000,10.392999999999999,10.377,0.0147,0.0071
02.01.2018 14:32:42.341 GMT-0000,10.392000000000001,10.380999999999998,0.0109,0.0075
02.01.2018 14:32:43.071 GMT-0000,10.392999999999999,10.380999999999998,0.0109,0.0075
02.01.2018 14:32:43.813 GMT-0000,10.392000000000001,10.380999999999998,0.0111,0.0075
02.01.2018 14:32:44.873 GMT-0000,10.392999999999999,10.380999999999998,0.0111,0.0075
02.01.2018 14:32:45.703 GMT-0000,10.392000000000001,10.380999999999998,0.0009,0.0075
02.01.2018 14:32:46.956 GMT-0000,10.392999999999999,10.379000000000001,0.0111,0.0075
02.01.2018 14:32:47.515 GMT-0000,10.392000000000001,10.379000000000001,0.0009,0.0075
02.01.2018 14:32:48.022 GMT-0000,10.392000000000001,10.378,0.0008,0.0155
02.01.2018 14:32:48.818 GMT-0000,10.392999999999999,10.378,0.0111,0.0075
02.01.2018 14:32:50.197 GMT-0000,10.392000000000001,10.378,0.0008,0.0117
02.01.2018 14:32:51.813 GMT-0000,10.392000000000001,10.382000000000001,0.0109,0.0075
02.01.2018 14:32:56.681 GMT-0000,10.392000000000001,10.378,0.0009,0.0119
02.01.2018 14:32:57.195 GMT-0000,10.392999999999999,10.378,0.0145,0.0075
02.01.2018 14:32:57.585 GMT-0000,10.382000000000001,10.368,0.0075,0.0075
02.01.2018 14:32:58.296 GMT-0000,10.383,10.368,0.0145,0.0075
02.01.2018 14:32:59.252 GMT-0000,10.382000000000001,10.368,0.0075,0.0075
02.01.2018 14:33:01.316 GMT-0000,10.379000000000001,10.368,0.0075,0.004
02.01.2018 14:33:01.795 GMT-0000,10.372,10.360999999999999,0.004,0.0075
02.01.2018 14:33:02.108 GMT-0000,10.362,10.352,0.0106,0.0075
02.01.2018 14:33:03.063 GMT-0000,10.362,10.353,0.0008,0.0075
02.01.2018 14:33:03.848 GMT-0000,10.363,10.353,0.0008,0.0075
02.01.2018 14:33:05.243 GMT-0000,10.362,10.353,0.002,0.0075
02.01.2018 14:33:05.294 GMT-0000,10.352,10.338,0.0075,0.0075
02.01.2018 14:33:06.314 GMT-0000,10.353,10.34,0.0126,0.0075
02.01.2018 14:33:07.412 GMT-0000,10.352,10.34,0.0075,0.0075
02.01.2018 14:33:11.613 GMT-0000,10.352,10.339,0.0075,0.0075
02.01.2018 14:33:12.614 GMT-0000,10.352,10.34,0.0075,0.0075
02.01.2018 14:33:13.376 GMT-0000,10.353,10.347000000000001,0.0019,0.0075
02.01.2018 14:33:13.427 GMT-0000,10.363,10.347000000000001,0.0145,0.0114
02.01.2018 14:33:13.990 GMT-0000,10.362,10.347999999999999,0.0037,0.0008
02.01.2018 14:33:14.516 GMT-0000,10.360999999999999,10.347000000000001,0.0075,0.0116
02.01.2018 14:33:15.369 GMT-0000,10.363,10.347999999999999,0.0118,0.0075
02.01.2018 14:33:16.070 GMT-0000,10.362,10.347999999999999,0.0007,0.0129
02.01.2018 14:33:16.559 GMT-0000,10.373,10.357000000000001,0.0159,0.0177
02.01.2018 14:33:17.521 GMT-0000,10.373,10.358,0.0075,0.0043
02.01.2018 14:33:17.614 GMT-0000,10.382000000000001,10.358,0.0036,0.0157
02.01.2018 14:33:17.946 GMT-0000,10.382000000000001,10.368,0.004,0.0013
02.01.2018 14:33:18.592 GMT-0000,10.383,10.367,0.012,0.0015
02.01.2018 14:33:19.455 GMT-0000,10.382000000000001,10.368,0.0075,0.0075
02.01.2018 14:33:19.968 GMT-0000,10.382000000000001,10.369000000000002,0.0013,0.0075
02.01.2018 14:33:20.715 GMT-0000,10.382000000000001,10.370000000000001,0.0008,0.0075
02.01.2018 14:33:21.814 GMT-0000,10.383,10.370999999999999,0.0107,0.0075
02.01.2018 14:33:25.037 GMT-0000,10.382000000000001,10.370999999999999,0.0075,0.0075
02.01.2018 14:33:26.229 GMT-0000,10.383,10.369000000000002,0.011,0.0075
02.01.2018 14:33:26.766 GMT-0000,10.382000000000001,10.369000000000002,0.0016,0.0075
02.01.2018 14:33:27.340 GMT-0000,10.380999999999998,10.367,0.0075,0.0115
02.01.2018 14:33:28.305 GMT-0000,10.383,10.370999999999999,0.0104,0.0075
02.01.2018 14:33:29.361 GMT-0000,10.392000000000001,10.369000000000002,0.0156,0.0075
02.01.2018 14:33:31.930 GMT-0000,10.392000000000001,10.368,0.0156,0.0053
02.01.2018 14:33:31.981 GMT-0000,10.383,10.367,0.0002,0.0124
02.01.2018 14:33:32.602 GMT-0000,10.38,10.367,0.0075,0.0116
02.01.2018 14:33:33.913 GMT-0000,10.382000000000001,10.368,0.0147,0.001
02.01.2018 14:33:34.670 GMT-0000,10.382000000000001,10.367,0.0075,0.0118
02.01.2018 14:33:35.265 GMT-0000,10.379000000000001,10.368,0.0075,0.0114
02.01.2018 14:33:38.058 GMT-0000,10.382000000000001,10.368,0.0161,0.001
02.01.2018 14:33:39.114 GMT-0000,10.382000000000001,10.372,0.0075,0.0075
02.01.2018 14:33:40.114 GMT-0000,10.382000000000001,10.370999999999999,0.0075,0.0075
02.01.2018 14:33:41.115 GMT-0000,10.379000000000001,10.368,0.0075,0.0075
02.01.2018 14:33:42.214 GMT-0000,10.383,10.370999999999999,0.0104,0.0075
02.01.2018 14:33:43.313 GMT-0000,10.382000000000001,10.370999999999999,0.0075,0.0075
02.01.2018 14:33:44.313 GMT-0000,10.382000000000001,10.368,0.001,0.0121
02.01.2018 14:33:44.998 GMT-0000,10.372,10.362,0.0075,0.0075
02.01.2018 14:33:45.698 GMT-0000,10.368,10.358,0.0075,0.0002
02.01.2018 14:33:49.012 GMT-0000,10.370999999999999,10.358,0.0075,0.0114
02.01.2018 14:33:50.013 GMT-0000,10.369000000000002,10.358,0.0075,0.0075
02.01.2018 14:33:51.112 GMT-0000,10.382000000000001,10.358,0.0075,0.0075
02.01.2018 14:33:52.973 GMT-0000,10.372,10.358,0.0003,0.0145
02.01.2018 14:33:53.486 GMT-0000,10.373,10.360999999999999,0.0104,0.0075
02.01.2018 14:33:54.214 GMT-0000,10.369000000000002,10.358,0.0075,0.0075
02.01.2018 14:34:00.743 GMT-0000,10.378,10.368,0.0075,0.0075
02.01.2018 14:34:01.716 GMT-0000,10.382000000000001,10.370999999999999,0.0075,0.0075
02.01.2018 14:34:02.812 GMT-0000,10.383,10.369000000000002,0.0117,0.0075
02.01.2018 14:34:03.814 GMT-0000,10.38,10.367,0.0075,0.0113
02.01.2018 14:34:04.429 GMT-0000,10.38,10.368,0.0075,0.001
02.01.2018 14:34:05.253 GMT-0000,10.379000000000001,10.368,0.0075,0.0006
02.01.2018 14:34:05.913 GMT-0000,10.380999999999998,10.368,0.0075,0.0008
02.01.2018 14:34:06.541 GMT-0000,10.380999999999998,10.367,0.0075,0.0111
02.01.2018 14:34:07.170 GMT-0000,10.379000000000001,10.368,0.0075,0.0075
02.01.2018 14:34:07.915 GMT-0000,10.38,10.368,0.0075,0.0075
02.01.2018 14:34:09.013 GMT-0000,10.378,10.368,0.0075,0.0075
02.01.2018 14:34:09.121 GMT-0000,10.372,10.358,0.0114,0.0169
02.01.2018 14:34:10.111 GMT-0000,10.373,10.36,0.0117,0.0075
02.01.2018 14:34:10.700 GMT-0000,10.372,10.36,0.0049,0.0075
02.01.2018 14:34:11.231 GMT-0000,10.370999999999999,10.358,0.0075,0.0075
02.01.2018 14:34:12.381 GMT-0000,10.370999999999999,10.357000000000001,0.0075,0.0117
02.01.2018 14:34:13.212 GMT-0000,10.369000000000002,10.358,0.0075,0.0075
02.01.2018 14:34:13.342 GMT-0000,10.363,10.358,0.0019,0.0075
02.01.2018 14:34:13.393 GMT-0000,10.363,10.350999999999999,0.011,0.0075
02.01.2018 14:34:13.938 GMT-0000,10.362,10.350999999999999,0.0014,0.0075
02.01.2018 14:34:14.463 GMT-0000,10.362,10.347999999999999,0.0116,0.0017
02.01.2018 14:34:15.008 GMT-0000,10.362,10.347000000000001,0.0075,0.012
02.01.2018 14:34:15.688 GMT-0000,10.362,10.347999999999999,0.0128,0.0016
02.01.2018 14:34:16.474 GMT-0000,10.359000000000002,10.347999999999999,0.0075,0.0075
02.01.2018 14:34:17.545 GMT-0000,10.36,10.347999999999999,0.0075,0.011
02.01.2018 14:34:19.613 GMT-0000,10.358,10.347000000000001,0.0075,0.0103
02.01.2018 14:34:20.613 GMT-0000,10.359000000000002,10.347999999999999,0.0075,0.0075
02.01.2018 14:34:21.713 GMT-0000,10.358,10.347999999999999,0.0075,0.0002
02.01.2018 14:34:22.247 GMT-0000,10.358,10.347000000000001,0.0075,0.0103
02.01.2018 14:34:23.291 GMT-0000,10.359000000000002,10.347000000000001,0.0075,0.0103
02.01.2018 14:34:23.813 GMT-0000,10.357000000000001,10.347999999999999,0.0075,0.0075
02.01.2018 14:34:24.814 GMT-0000,10.358,10.347999999999999,0.0075,0.0103
02.01.2018 14:34:26.816 GMT-0000,10.360999999999999,10.347000000000001,0.0075,0.0108
02.01.2018 14:34:27.446 GMT-0000,10.360999999999999,10.347999999999999,0.0075,0.0007
02.01.2018 14:34:28.543 GMT-0000,10.360999999999999,10.347000000000001,0.0075,0.0109
02.01.2018 14:34:29.080 GMT-0000,10.353,10.339,0.0116,0.0075
02.01.2018 14:34:29.824 GMT-0000,10.352,10.339,0.0015,0.0075
02.01.2018 14:34:30.533 GMT-0000,10.352,10.34,0.0014,0.0075
02.01.2018 14:34:31.778 GMT-0000,10.353,10.34,0.0153,0.0075
02.01.2018 14:34:33.592 GMT-0000,10.352,10.34,0.0046,0.0075
02.01.2018 14:34:34.366 GMT-0000,10.353,10.34,0.0121,0.0075
02.01.2018 14:34:34.787 GMT-0000,10.342,10.337000000000002,0.0063,0.0075
02.01.2018 14:34:34.837 GMT-0000,10.342,10.328,0.0116,0.0157
02.01.2018 14:34:35.230 GMT-0000,10.347999999999999,10.338,0.0075,0.0075
02.01.2018 14:34:36.219 GMT-0000,10.352,10.341,0.0075,0.0075
02.01.2018 14:34:36.950 GMT-0000,10.353,10.347999999999999,0.0075,0.0033
02.01.2018 14:34:37.104 GMT-0000,10.352,10.341,0.0008,0.0075
02.01.2018 14:34:37.349 GMT-0000,10.352,10.347000000000001,0.0008,0.0075
02.01.2018 14:34:37.399 GMT-0000,10.363,10.347000000000001,0.0155,0.014
02.01.2018 14:34:37.987 GMT-0000,10.362,10.347999999999999,0.0044,0.0025
02.01.2018 14:34:38.542 GMT-0000,10.362,10.347000000000001,0.0075,0.0135
02.01.2018 14:34:39.413 GMT-0000,10.363,10.347999999999999,0.0123,0.0075
02.01.2018 14:34:39.957 GMT-0000,10.352,10.347000000000001,0.0076,0.0075
02.01.2018 14:34:40.008 GMT-0000,10.352,10.339,0.0124,0.0075
02.01.2018 14:34:41.039 GMT-0000,10.352,10.342,0.0075,0.0075
02.01.2018 14:34:44.201 GMT-0000,10.352,10.343,0.0005,0.0075
02.01.2018 14:34:45.213 GMT-0000,10.352,10.341,0.0005,0.0075
02.01.2018 14:34:46.175 GMT-0000,10.353,10.341,0.0107,0.0075
02.01.2018 14:34:47.958 GMT-0000,10.352,10.341,0.0004,0.0075
02.01.2018 14:34:50.026 GMT-0000,10.353,10.342,0.0002,0.0075
02.01.2018 14:34:50.737 GMT-0000,10.352,10.342,0.0004,0.0075
02.01.2018 14:34:51.166 GMT-0000,10.358,10.347000000000001,0.0075,0.0169
02.01.2018 14:34:51.860 GMT-0000,10.362,10.35,0.0109,0.0075
02.01.2018 14:34:52.372 GMT-0000,10.362,10.352,0.0107,0.0075
02.01.2018 14:34:55.213 GMT-0000,10.363,10.353,0.0005,0.0075
02.01.2018 14:34:55.339 GMT-0000,10.372,10.36,0.0075,0.0075
02.01.2018 14:34:56.312 GMT-0000,10.373,10.357000000000001,0.0122,0.0124
02.01.2018 14:34:57.315 GMT-0000,10.373,10.358,0.0119,0.0075
02.01.2018 14:34:58.034 GMT-0000,10.373,10.367,0.0075,0.0068
02.01.2018 14:34:58.085 GMT-0000,10.382000000000001,10.368,0.0018,0.0058
02.01.2018 14:34:59.111 GMT-0000,10.382000000000001,10.370999999999999,0.0119,0.0075
02.01.2018 14:35:00.155 GMT-0000,10.383,10.370999999999999,0.0113,0.0075
02.01.2018 14:35:00.453 GMT-0000,10.383,10.377,0.0075,0.001
02.01.2018 14:35:00.554 GMT-0000,10.392000000000001,10.378,0.0075,0.0075
02.01.2018 14:35:01.931 GMT-0000,10.392000000000001,10.377,0.0075,0.0115
02.01.2018 14:35:02.712 GMT-0000,10.389000000000001,10.377,0.0075,0.0105
02.01.2018 14:35:03.392 GMT-0000,10.382000000000001,10.377,0.0075,0.0004
02.01.2018 14:35:03.442 GMT-0000,10.382000000000001,10.372,0.0113,0.0075
02.01.2018 14:35:05.643 GMT-0000,10.383,10.370000000000001,0.012,0.0075
02.01.2018 14:35:06.435 GMT-0000,10.382000000000001,10.370000000000001,0.0016,0.0075
02.01.2018 14:35:07.432 GMT-0000,10.380999999999998,10.368,0.0075,0.0008
02.01.2018 14:35:08.095 GMT-0000,10.378,10.368,0.0075,0.0111
02.01.2018 14:35:09.712 GMT-0000,10.380999999999998,10.367,0.0075,0.0112
02.01.2018 14:35:10.483 GMT-0000,10.380999999999998,10.368,0.0075,0.0045
02.01.2018 14:35:11.047 GMT-0000,10.382000000000001,10.370999999999999,0.0153,0.0075
02.01.2018 14:35:11.713 GMT-0000,10.38,10.368,0.0075,0.0009
02.01.2018 14:35:13.860 GMT-0000,10.382000000000001,10.370000000000001,0.0075,0.0075
02.01.2018 14:35:15.495 GMT-0000,10.383,10.378,0.0005,0.0075
02.01.2018 14:35:15.545 GMT-0000,10.388,10.378,0.0075,0.0125
02.01.2018 14:35:16.514 GMT-0000,10.392000000000001,10.382000000000001,0.0075,0.0075
02.01.2018 14:35:17.364 GMT-0000,10.392000000000001,10.387,0.0005,0.0075
02.01.2018 14:35:17.560 GMT-0000,10.4,10.388,0.0075,0.0002
02.01.2018 14:35:17.954 GMT-0000,10.392000000000001,10.382000000000001,0.0122,0.0075
02.01.2018 14:35:21.106 GMT-0000,10.392999999999999,10.382000000000001,0.0114,0.0075
02.01.2018 14:35:21.157 GMT-0000,10.402000000000001,10.388,0.0192,0.0016
02.01.2018 14:35:22.214 GMT-0000,10.403,10.388,0.0144,0.0075
02.01.2018 14:35:22.853 GMT-0000,10.403,10.397,0.0033,0.0075
02.01.2018 14:35:22.903 GMT-0000,10.41,10.398,0.0075,0.002
02.01.2018 14:35:23.535 GMT-0000,10.41,10.397,0.0075,0.0161
02.01.2018 14:35:27.025 GMT-0000,10.412,10.4,0.0126,0.0075
02.01.2018 14:35:28.113 GMT-0000,10.412,10.398,0.0128,0.0133
02.01.2018 14:35:29.604 GMT-0000,10.413,10.398,0.0128,0.0075
02.01.2018 14:35:29.655 GMT-0000,10.422,10.407,0.0075,0.0189
02.01.2018 14:35:30.142 GMT-0000,10.432,10.418,0.0066,0.0007
02.01.2018 14:35:30.492 GMT-0000,10.422,10.417,0.0075,0.0008
02.01.2018 14:35:30.543 GMT-0000,10.422,10.409,0.0075,0.0075
02.01.2018 14:35:31.179 GMT-0000,10.422,10.413,0.0075,0.0075
02.01.2018 14:35:32.139 GMT-0000,10.423,10.41,0.0113,0.0075
02.01.2018 14:35:33.062 GMT-0000,10.423,10.408,0.0113,0.0075
02.01.2018 14:35:34.017 GMT-0000,10.422,10.408,0.0011,0.0232
02.01.2018 14:35:34.068 GMT-0000,10.427999999999999,10.417,0.0075,0.0114
02.01.2018 14:35:35.098 GMT-0000,10.433,10.417,0.0147,0.0124
02.01.2018 14:35:35.636 GMT-0000,10.432,10.418,0.0034,0.0031
02.01.2018 14:35:36.204 GMT-0000,10.433,10.417,0.0147,0.0139
02.01.2018 14:35:36.848 GMT-0000,10.432,10.418,0.0034,0.0071
02.01.2018 14:35:37.685 GMT-0000,10.442,10.427999999999999,0.0075,0.0075
02.01.2018 14:35:38.726 GMT-0000,10.439000000000002,10.427000000000001,0.0075,0.011
02.01.2018 14:35:39.254 GMT-0000,10.439000000000002,10.427999999999999,0.0075,0.0008
02.01.2018 14:35:41.249 GMT-0000,10.439000000000002,10.427000000000001,0.0075,0.0117
02.01.2018 14:35:42.185 GMT-0000,10.439000000000002,10.427999999999999,0.0075,0.0011
02.01.2018 14:35:43.703 GMT-0000,10.439000000000002,10.427000000000001,0.0075,0.0125
02.01.2018 14:35:44.652 GMT-0000,10.44,10.427000000000001,0.0075,0.0155
02.01.2018 14:35:45.739 GMT-0000,10.440999999999999,10.427999999999999,0.0075,0.0043
02.01.2018 14:35:46.329 GMT-0000,10.440999999999999,10.427000000000001,0.0075,0.0157
02.01.2018 14:35:46.430 GMT-0000,10.463,10.447000000000001,0.0327,0.0115
02.01.2018 14:35:46.991 GMT-0000,10.463,10.452,0.0209,0.0075
02.01.2018 14:35:47.713 GMT-0000,10.462000000000002,10.447000000000001,0.0075,0.0185
02.01.2018 14:35:49.183 GMT-0000,10.468,10.458,0.0075,0.0122
02.01.2018 14:35:49.810 GMT-0000,10.483,10.467,0.0308,0.0102
02.01.2018 14:35:50.360 GMT-0000,10.482000000000001,10.468,0.0083,0.001
02.01.2018 14:35:50.863 GMT-0000,10.479000000000001,10.467,0.0075,0.0115
02.01.2018 14:35:51.482 GMT-0000,10.479000000000001,10.468,0.0075,0.0015
02.01.2018 14:35:52.913 GMT-0000,10.481,10.467,0.0075,0.0124
02.01.2018 14:35:53.913 GMT-0000,10.479000000000001,10.468,0.0075,0.0075
02.01.2018 14:35:54.935 GMT-0000,10.481,10.467,0.0075,0.0122
02.01.2018 14:35:55.249 GMT-0000,10.472999999999999,10.458,0.0124,0.0075
02.01.2018 14:35:55.299 GMT-0000,10.462000000000002,10.449000000000002,0.0021,0.0075
02.01.2018 14:35:55.849 GMT-0000,10.463,10.449000000000002,0.013,0.0075
02.01.2018 14:35:56.456 GMT-0000,10.462000000000002,10.449000000000002,0.0131,0.0075
02.01.2018 14:35:57.320 GMT-0000,10.458,10.447000000000001,0.0075,0.0103
02.01.2018 14:35:57.968 GMT-0000,10.458,10.448,0.0075,0.0003
02.01.2018 14:35:58.694 GMT-0000,10.463,10.447000000000001,0.0126,0.0147
02.01.2018 14:35:59.413 GMT-0000,10.462000000000002,10.449000000000002,0.0019,0.0075
02.01.2018 14:36:00.164 GMT-0000,10.463,10.449000000000002,0.0115,0.0075
02.01.2018 14:36:00.686 GMT-0000,10.462000000000002,10.450999999999999,0.0009,0.0075
02.01.2018 14:36:01.224 GMT-0000,10.463,10.450999999999999,0.0117,0.0075
02.01.2018 14:36:01.753 GMT-0000,10.462000000000002,10.450999999999999,0.0117,0.0075
02.01.2018 14:36:03.573 GMT-0000,10.462000000000002,10.452,0.011,0.0075
02.01.2018 14:36:04.548 GMT-0000,10.463,10.450000000000001,0.0112,0.0075
02.01.2018 14:36:05.614 GMT-0000,10.462000000000002,10.453,0.0075,0.0075
02.01.2018 14:36:06.139 GMT-0000,10.469000000000001,10.458,0.0075,0.0011
02.01.2018 14:36:06.671 GMT-0000,10.469000000000001,10.457,0.0075,0.0145
02.01.2018 14:36:07.228 GMT-0000,10.472000000000001,10.458,0.0018,0.0145
02.01.2018 14:36:08.082 GMT-0000,10.472000000000001,10.467,0.0014,0.0075
02.01.2018 14:36:08.133 GMT-0000,10.482000000000001,10.467,0.0075,0.0207
02.01.2018 14:36:08.875 GMT-0000,10.482000000000001,10.468,0.0228,0.0049
02.01.2018 14:36:09.388 GMT-0000,10.481,10.467,0.0075,0.0199
02.01.2018 14:36:10.114 GMT-0000,10.482000000000001,10.467,0.0075,0.0199
02.01.2018 14:36:11.282 GMT-0000,10.483,10.467,0.0223,0.0203
02.01.2018 14:36:13.658 GMT-0000,10.482000000000001,10.468,0.0094,0.0077
02.01.2018 14:36:15.967 GMT-0000,10.483,10.467,0.0227,0.0203
02.01.2018 14:36:16.778 GMT-0000,10.481,10.468,0.0075,0.0075
02.01.2018 14:36:17.513 GMT-0000,10.483,10.467,0.0227,0.0204
02.01.2018 14:36:20.871 GMT-0000,10.482000000000001,10.468,0.0095,0.0047
02.01.2018 14:36:21.072 GMT-0000,10.472000000000001,10.46,0.0127,0.0075
02.01.2018 14:36:21.800 GMT-0000,10.462000000000002,10.448,0.0128,0.0015
02.01.2018 14:36:24.081 GMT-0000,10.459000000000001,10.448,0.0075,0.0168
02.01.2018 14:36:25.114 GMT-0000,10.462000000000002,10.448,0.0019,0.002
02.01.2018 14:36:26.116 GMT-0000,10.462000000000002,10.450000000000001,0.0125,0.0075
02.01.2018 14:36:28.213 GMT-0000,10.462000000000002,10.448,0.0075,0.0075
02.01.2018 14:36:29.216 GMT-0000,10.463,10.448,0.0121,0.0075
02.01.2018 14:36:30.005 GMT-0000,10.462000000000002,10.448,0.0014,0.0156
02.01.2018 14:36:31.029 GMT-0000,10.463,10.448,0.0118,0.0075
02.01.2018 14:36:31.917 GMT-0000,10.462000000000002,10.448,0.0007,0.0171
02.01.2018 14:36:32.492 GMT-0000,10.462000000000002,10.450999999999999,0.0003,0.0075
02.01.2018 14:36:33.394 GMT-0000,10.463,10.450999999999999,0.0107,0.0075
02.01.2018 14:36:34.993 GMT-0000,10.462000000000002,10.450999999999999,0.0005,0.0075
02.01.2018 14:36:35.376 GMT-0000,10.469000000000001,10.458,0.0075,0.0014
02.01.2018 14:36:35.979 GMT-0000,10.469000000000001,10.457,0.0075,0.012
02.01.2018 14:36:36.725 GMT-0000,10.47,10.458,0.0075,0.0053
02.01.2018 14:36:37.352 GMT-0000,10.47,10.457,0.0075,0.0176
02.01.2018 14:36:38.043 GMT-0000,10.472999999999999,10.459000000000001,0.0129,0.0075
02.01.2018 14:36:39.019 GMT-0000,10.472999999999999,10.468,0.0022,0.0075
02.01.2018 14:36:39.069 GMT-0000,10.479000000000001,10.468,0.0075,0.0173
02.01.2018 14:36:40.150 GMT-0000,10.481,10.468,0.0075,0.0075
02.01.2018 14:36:41.119 GMT-0000,10.483,10.467,0.0229,0.0215
02.01.2018 14:36:44.508 GMT-0000,10.482000000000001,10.468,0.0061,0.0086
02.01.2018 14:36:46.725 GMT-0000,10.482000000000001,10.467,0.0075,0.0141
02.01.2018 14:36:47.264 GMT-0000,10.48,10.468,0.0075,0.0176
02.01.2018 14:36:47.799 GMT-0000,10.482000000000001,10.468,0.0061,0.0067
02.01.2018 14:36:51.484 GMT-0000,10.478,10.468,0.0075,0.0149
02.01.2018 14:36:52.512 GMT-0000,10.479000000000001,10.468,0.0075,0.0075
02.01.2018 14:36:53.515 GMT-0000,10.482000000000001,10.467,0.0075,0.0152
02.01.2018 14:36:54.287 GMT-0000,10.482000000000001,10.468,0.0245,0.0003
02.01.2018 14:36:54.338 GMT-0000,10.472000000000001,10.460999999999999,0.0012,0.0075
02.01.2018 14:36:55.000 GMT-0000,10.472999999999999,10.460999999999999,0.0108,0.0075
02.01.2018 14:36:55.441 GMT-0000,10.472999999999999,10.468,0.0006,0.0075
02.01.2018 14:36:55.491 GMT-0000,10.48,10.468,0.0075,0.0075
02.01.2018 14:36:56.547 GMT-0000,10.482000000000001,10.468,0.0075,0.0075
02.01.2018 14:37:06.240 GMT-0000,10.482000000000001,10.467,0.0075,0.0159
02.01.2018 14:37:07.239 GMT-0000,10.483,10.467,0.0191,0.0159
02.01.2018 14:37:07.343 GMT-0000,10.483,10.477,0.0075,0.0017
02.01.2018 14:37:07.552 GMT-0000,10.492,10.478,0.0176,0.0125
02.01.2018 14:37:08.513 GMT-0000,10.49,10.478,0.0075,0.0075
02.01.2018 14:37:09.512 GMT-0000,10.492,10.478,0.0075,0.0075
02.01.2018 14:37:14.745 GMT-0000,10.491,10.477,0.0075,0.0131
02.01.2018 14:37:15.813 GMT-0000,10.493,10.477,0.0176,0.0169
02.01.2018 14:37:16.338 GMT-0000,10.492,10.478,0.0057,0.0021
02.01.2018 14:37:17.227 GMT-0000,10.491,10.477,0.0075,0.0204
02.01.2018 14:37:18.489 GMT-0000,10.491,10.478,0.0075,0.0036
02.01.2018 14:37:19.137 GMT-0000,10.489,10.478,0.0075,0.0147
02.01.2018 14:37:20.027 GMT-0000,10.482000000000001,10.477,0.0041,0.0075
02.01.2018 14:37:20.077 GMT-0000,10.482000000000001,10.472000000000001,0.0176,0.0075
02.01.2018 14:37:21.114 GMT-0000,10.478,10.467,0.0075,0.0002
02.01.2018 14:37:21.265 GMT-0000,10.471,10.458,0.0075,0.0056
02.01.2018 14:37:21.782 GMT-0000,10.471,10.457,0.0075,0.0173
02.01.2018 14:37:22.313 GMT-0000,10.472000000000001,10.460999999999999,0.0128,0.0075
02.01.2018 14:37:22.631 GMT-0000,10.479000000000001,10.468,0.0075,0.0117
02.01.2018 14:37:23.614 GMT-0000,10.482000000000001,10.47,0.0075,0.0075
02.01.2018 14:37:24.627 GMT-0000,10.482000000000001,10.471,0.0075,0.0075
02.01.2018 14:37:25.006 GMT-0000,10.488,10.478,0.0075,0.0075
02.01.2018 14:37:26.015 GMT-0000,10.49,10.478,0.0075,0.0075
02.01.2018 14:37:27.113 GMT-0000,10.492,10.478,0.0239,0.0056
02.01.2018 14:37:27.685 GMT-0000,10.492,10.477,0.0075,0.0152
02.01.2018 14:37:30.466 GMT-0000,10.491,10.477,0.0075,0.016
02.01.2018 14:37:31.085 GMT-0000,10.491,10.478,0.0075,0.0044
02.01.2018 14:37:32.898 GMT-0000,10.491,10.477,0.0075,0.016
02.01.2018 14:37:34.442 GMT-0000,10.491,10.478,0.0075,0.0041
02.01.2018 14:37:35.903 GMT-0000,10.502,10.488,0.0297,0.0069
02.01.2018 14:37:36.915 GMT-0000,10.499,10.488,0.0075,0.0169
02.01.2018 14:37:39.015 GMT-0000,10.499,10.487,0.0075,0.0163
02.01.2018 14:37:39.726 GMT-0000,10.499,10.488,0.0075,0.0006
02.01.2018 14:37:40.446 GMT-0000,10.498,10.487,0.0075,0.0002
02.01.2018 14:37:42.680 GMT-0000,10.498,10.488,0.0075,0.0004
02.01.2018 14:37:44.030 GMT-0000,10.498,10.487,0.0075,0.0007
02.01.2018 14:37:44.556 GMT-0000,10.498,10.488,0.0075,0.0009
02.01.2018 14:37:45.348 GMT-0000,10.498,10.487,0.0075,0.0009
02.01.2018 14:37:45.867 GMT-0000,10.498,10.488,0.0075,0.0006
02.01.2018 14:37:46.391 GMT-0000,10.498,10.487,0.0075,0.0006
02.01.2018 14:37:47.045 GMT-0000,10.498,10.488,0.0075,0.0004
02.01.2018 14:37:48.957 GMT-0000,10.498,10.487,0.0075,0.0008
02.01.2018 14:37:50.155 GMT-0000,10.498,10.488,0.0075,0.0005
02.01.2018 14:37:50.685 GMT-0000,10.498,10.487,0.0075,0.0008
02.01.2018 14:37:51.493 GMT-0000,10.498,10.488,0.0075,0.0007
02.01.2018 14:37:52.185 GMT-0000,10.498,10.487,0.0075,0.0007
02.01.2018 14:37:52.989 GMT-0000,10.498,10.488,0.0075,0.0008
02.01.2018 14:37:54.095 GMT-0000,10.498,10.487,0.0075,0.0006
02.01.2018 14:37:54.734 GMT-0000,10.498,10.488,0.0075,0.0004
02.01.2018 14:37:55.965 GMT-0000,10.498,10.487,0.0075,0.0009
02.01.2018 14:37:57.013 GMT-0000,10.499,10.488,0.0075,0.0041
02.01.2018 14:37:57.877 GMT-0000,10.499,10.487,0.0075,0.0107
02.01.2018 14:37:58.605 GMT-0000,10.497,10.487,0.0075,0.0004
02.01.2018 14:38:00.880 GMT-0000,10.497,10.488,0.0075,0.0007
02.01.2018 14:38:03.068 GMT-0000,10.497,10.487,0.0075,0.0004
02.01.2018 14:38:03.886 GMT-0000,10.493,10.483,0.0204,0.0075
02.01.2018 14:38:04.390 GMT-0000,10.49,10.478,0.0075,0.0193
02.01.2018 14:38:05.761 GMT-0000,10.482000000000001,10.472999999999999,0.0187,0.0075
02.01.2018 14:38:05.912 GMT-0000,10.472000000000001,10.462000000000002,0.0014,0.0075
02.01.2018 14:38:06.903 GMT-0000,10.472999999999999,10.468,0.0075,0.0107
02.01.2018 14:38:07.617 GMT-0000,10.478,10.468,0.0075,0.0075
02.01.2018 14:38:08.492 GMT-0000,10.483,10.467,0.0126,0.0161
02.01.2018 14:38:09.268 GMT-0000,10.482000000000001,10.47,0.0123,0.0075
02.01.2018 14:38:16.205 GMT-0000,10.482000000000001,10.468,0.0042,0.0046
02.01.2018 14:38:16.915 GMT-0000,10.483,10.467,0.0165,0.0161
02.01.2018 14:38:17.624 GMT-0000,10.482000000000001,10.468,0.0022,0.0053
02.01.2018 14:38:18.311 GMT-0000,10.482000000000001,10.469000000000001,0.0022,0.0075
02.01.2018 14:38:18.828 GMT-0000,10.483,10.469000000000001,0.013,0.0075
02.01.2018 14:38:21.198 GMT-0000,10.482000000000001,10.469000000000001,0.0047,0.0075
02.01.2018 14:38:22.440 GMT-0000,10.479000000000001,10.468,0.0075,0.0075
02.01.2018 14:38:23.416 GMT-0000,10.482000000000001,10.471,0.001,0.0075
02.01.2018 14:38:24.221 GMT-0000,10.483,10.471,0.0165,0.0075
02.01.2018 14:38:25.631 GMT-0000,10.482000000000001,10.469000000000001,0.0075,0.0075
02.01.2018 14:38:26.685 GMT-0000,10.482000000000001,10.468,0.0075,0.0075
02.01.2018 14:38:27.713 GMT-0000,10.483,10.469000000000001,0.0125,0.0075
02.01.2018 14:38:28.407 GMT-0000,10.482000000000001,10.469000000000001,0.0044,0.0075
02.01.2018 14:38:29.787 GMT-0000,10.482000000000001,10.47,0.0075,0.0075
02.01.2018 14:38:30.611 GMT-0000,10.483,10.478,0.0075,0.0092
02.01.2018 14:38:30.662 GMT-0000,10.49,10.478,0.0075,0.0075
02.01.2018 14:38:31.614 GMT-0000,10.493,10.478,0.0161,0.0075
02.01.2018 14:38:32.714 GMT-0000,10.492,10.478,0.0161,0.0167
02.01.2018 14:38:35.913 GMT-0000,10.489,10.478,0.0075,0.0075
02.01.2018 14:38:36.913 GMT-0000,10.488,10.478,0.0075,0.0115
02.01.2018 14:38:38.177 GMT-0000,10.487,10.478,0.0075,0.0012
02.01.2018 14:38:38.277 GMT-0000,10.48,10.468,0.0075,0.0123
02.01.2018 14:38:39.213 GMT-0000,10.478,10.468,0.0075,0.0075
02.01.2018 14:38:40.217 GMT-0000,10.482000000000001,10.468,0.0015,0.0015
02.01.2018 14:38:41.238 GMT-0000,10.483,10.467,0.011,0.0153
02.01.2018 14:38:42.314 GMT-0000,10.482000000000001,10.47,0.0075,0.0075
02.01.2018 14:38:43.413 GMT-0000,10.482000000000001,10.471,0.0075,0.0075
02.01.2018 14:38:46.431 GMT-0000,10.483,10.471,0.0115,0.0075
02.01.2018 14:38:47.016 GMT-0000,10.491,10.478,0.0075,0.0118
02.01.2018 14:38:48.013 GMT-0000,10.49,10.478,0.0075,0.0075
02.01.2018 14:38:48.838 GMT-0000,10.482000000000001,10.467,0.0075,0.016
02.01.2018 14:38:49.639 GMT-0000,10.482000000000001,10.468,0.0172,0.0004
02.01.2018 14:38:50.177 GMT-0000,10.482000000000001,10.467,0.0075,0.0144
02.01.2018 14:38:50.856 GMT-0000,10.482000000000001,10.468,0.0117,0.0042
02.01.2018 14:38:51.469 GMT-0000,10.482000000000001,10.471,0.0117,0.0075
02.01.2018 14:38:51.569 GMT-0000,10.489,10.477,0.0075,0.0121
02.01.2018 14:38:52.515 GMT-0000,10.492,10.479000000000001,0.0148,0.0075
02.01.2018 14:38:57.160 GMT-0000,10.492,10.48,0.0075,0.0075
02.01.2018 14:38:57.546 GMT-0000,10.498,10.488,0.0075,0.0075
02.01.2018 14:38:58.416 GMT-0000,10.497,10.487,0.0075,0.0005
02.01.2018 14:38:59.108 GMT-0000,10.497,10.488,0.0075,0.0003
02.01.2018 14:39:00.169 GMT-0000,10.497,10.487,0.0075,0.0009
02.01.2018 14:39:01.069 GMT-0000,10.497,10.488,0.0075,0.0006
02.01.2018 14:39:01.604 GMT-0000,10.499,10.488,0.0075,0.0029
02.01.2018 14:39:02.486 GMT-0000,10.499,10.487,0.0075,0.014
02.01.2018 14:39:03.893 GMT-0000,10.499,10.488,0.0075,0.0029
02.01.2018 14:39:04.654 GMT-0000,10.497,10.488,0.0075,0.0029
02.01.2018 14:39:05.478 GMT-0000,10.492,10.483,0.0137,0.0075
02.01.2018 14:39:06.506 GMT-0000,10.49,10.478,0.0075,0.0075
02.01.2018 14:39:06.843 GMT-0000,10.483,10.472000000000001,0.0143,0.0075
02.01.2018 14:39:07.357 GMT-0000,10.482000000000001,10.472000000000001,0.004,0.0075
02.01.2018 14:39:08.094 GMT-0000,10.48,10.468,0.0075,0.0041
02.01.2018 14:39:08.609 GMT-0000,10.482000000000001,10.472999999999999,0.0106,0.0075
02.01.2018 14:39:08.710 GMT-0000,10.49,10.478,0.0075,0.0075
02.01.2018 14:39:10.115 GMT-0000,10.49,10.477,0.0075,0.0123
02.01.2018 14:39:10.748 GMT-0000,10.492,10.481,0.0075,0.0075
02.01.2018 14:39:11.774 GMT-0000,10.492,10.48,0.0075,0.0075
02.01.2018 14:39:12.812 GMT-0000,10.491,10.478,0.0075,0.0126
02.01.2018 14:39:13.814 GMT-0000,10.493,10.479000000000001,0.0129,0.0075
02.01.2018 14:39:15.761 GMT-0000,10.493,10.487,0.0075,0.0009
02.01.2018 14:39:16.316 GMT-0000,10.498,10.488,0.0075,0.0075
02.01.2018 14:39:17.029 GMT-0000,10.499,10.488,0.0075,0.0163
02.01.2018 14:39:18.037 GMT-0000,10.499,10.487,0.0075,0.0159
02.01.2018 14:39:18.656 GMT-0000,10.499,10.488,0.0075,0.0005
02.01.2018 14:39:20.596 GMT-0000,10.497,10.488,0.0075,0.0004
02.01.2018 14:39:21.262 GMT-0000,10.497,10.487,0.0075,0.0002
02.01.2018 14:39:21.975 GMT-0000,10.497,10.488,0.0075,0.0002
02.01.2018 14:39:22.030 GMT-0000,10.49,10.478,0.0075,0.0075
02.01.2018 14:39:23.011 GMT-0000,10.489,10.478,0.0075,0.0075
02.01.2018 14:39:24.046 GMT-0000,10.493,10.467,0.0172,0.0168
02.01.2018 14:39:24.877 GMT-0000,10.493,10.477,0.0161,0.0013
02.01.2018 14:39:25.453 GMT-0000,10.489,10.478,0.0075,0.0125
02.01.2018 14:39:26.014 GMT-0000,10.49,10.478,0.0075,0.0125
02.01.2018 14:39:26.769 GMT-0000,10.492,10.483,0.0109,0.0075
02.01.2018 14:39:31.791 GMT-0000,10.493,10.488,0.0003,0.0075
02.01.2018 14:39:33.762 GMT-0000,10.498,10.488,0.0075,0.0075
02.01.2018 14:39:34.693 GMT-0000,10.498,10.487,0.0075,0.0016
02.01.2018 14:39:36.772 GMT-0000,10.498,10.488,0.0075,0.0008
02.01.2018 14:39:37.413 GMT-0000,10.498,10.482000000000001,0.0075,0.0075
02.01.2018 14:39:37.464 GMT-0000,10.492,10.482000000000001,0.0077,0.0075
02.01.2018 14:39:38.466 GMT-0000,10.492,10.478,0.0189,0.0189
02.01.2018 14:39:40.611 GMT-0000,10.492,10.479000000000001,0.0179,0.0075
02.01.2018 14:39:42.909 GMT-0000,10.492,10.48,0.0173,0.0075
02.01.2018 14:39:43.286 GMT-0000,10.5,10.488,0.0075,0.0115
02.01.2018 14:39:44.012 GMT-0000,10.498,10.488,0.0075,0.0075
02.01.2018 14:39:45.013 GMT-0000,10.497,10.487,0.0075,0.0015
02.01.2018 14:39:47.269 GMT-0000,10.498,10.488,0.0075,0.0075
02.01.2018 14:39:48.343 GMT-0000,10.497,10.488,0.0075,0.0015
02.01.2018 14:39:49.413 GMT-0000,10.497,10.487,0.0075,0.0013
02.01.2018 14:39:50.895 GMT-0000,10.497,10.488,0.0075,0.0049
02.01.2018 14:39:51.795 GMT-0000,10.497,10.487,0.0075,0.0017
02.01.2018 14:39:52.513 GMT-0000,10.498,10.488,0.0075,0.0075
02.01.2018 14:39:58.269 GMT-0000,10.497,10.488,0.0075,0.0014
02.01.2018 14:40:01.169 GMT-0000,10.497,10.487,0.0075,0.0016
02.01.2018 14:40:02.974 GMT-0000,10.497,10.488,0.0075,0.0016
02.01.2018 14:40:04.125 GMT-0000,10.497,10.487,0.0075,0.0038
02.01.2018 14:40:04.791 GMT-0000,10.498,10.488,0.0075,0.0157
02.01.2018 14:40:05.095 GMT-0000,10.503,10.498,0.0075,0.0065
02.01.2018 14:40:05.264 GMT-0000,10.51,10.498,0.0075,0.0075
02.01.2018 14:40:05.319 GMT-0000,10.513,10.508,0.0014,0.0075
02.01.2018 14:40:05.369 GMT-0000,10.512,10.499,0.0075,0.0075
02.01.2018 14:40:06.412 GMT-0000,10.512,10.501,0.0129,0.0075
02.01.2018 14:40:08.535 GMT-0000,10.512,10.502,0.0075,0.0075
02.01.2018 14:40:09.514 GMT-0000,10.513,10.508,0.0075,0.0058
02.01.2018 14:40:09.565 GMT-0000,10.517999999999999,10.508,0.0075,0.0061
02.01.2018 14:40:10.291 GMT-0000,10.517999999999999,10.507000000000001,0.0075,0.0111
02.01.2018 14:40:10.493 GMT-0000,10.532,10.517999999999999,0.0068,0.0089
02.01.2018 14:40:11.338 GMT-0000,10.533,10.517000000000001,0.0157,0.0164
02.01.2018 14:40:12.152 GMT-0000,10.532,10.517999999999999,0.0043,0.0049
02.01.2018 14:40:13.069 GMT-0000,10.533,10.517000000000001,0.0159,0.0165
02.01.2018 14:40:13.757 GMT-0000,10.532,10.517999999999999,0.0044,0.005
02.01.2018 14:40:15.922 GMT-0000,10.533,10.517000000000001,0.0156,0.0168
02.01.2018 14:40:16.606 GMT-0000,10.532,10.517999999999999,0.0043,0.0049
02.01.2018 14:40:17.177 GMT-0000,10.533,10.517000000000001,0.0157,0.0161
02.01.2018 14:40:20.068 GMT-0000,10.532,10.517999999999999,0.0041,0.0088
02.01.2018 14:40:20.593 GMT-0000,10.533,10.517000000000001,0.0153,0.0221
02.01.2018 14:40:21.278 GMT-0000,10.532,10.517999999999999,0.0041,0.0092
02.01.2018 14:40:22.075 GMT-0000,10.533,10.517000000000001,0.0152,0.0245
02.01.2018 14:40:22.722 GMT-0000,10.532,10.517999999999999,0.0036,0.0037
02.01.2018 14:40:23.238 GMT-0000,10.533,10.517000000000001,0.0148,0.0156
02.01.2018 14:40:23.476 GMT-0000,10.533,10.527000000000001,0.0036,0.0075
02.01.2018 14:40:23.566 GMT-0000,10.543,10.527000000000001,0.0195,0.0232
02.01.2018 14:40:24.074 GMT-0000,10.542,10.528,0.008,0.0022
02.01.2018 14:40:25.326 GMT-0000,10.539000000000001,10.528,0.0075,0.0008
02.01.2018 14:40:26.112 GMT-0000,10.539000000000001,10.527000000000001,0.0075,0.0111
02.01.2018 14:40:27.350 GMT-0000,10.542,10.528,0.0039,0.0055
02.01.2018 14:40:28.417 GMT-0000,10.543,10.527000000000001,0.0153,0.0137
02.01.2018 14:40:29.712 GMT-0000,10.542,10.527000000000001,0.0075,0.014
02.01.2018 14:40:30.595 GMT-0000,10.542,10.528,0.0152,0.0037
02.01.2018 14:40:31.202 GMT-0000,10.543,10.527000000000001,0.0152,0.0143
02.01.2018 14:40:31.868 GMT-0000,10.542,10.528,0.0037,0.0037
02.01.2018 14:40:32.445 GMT-0000,10.543,10.527000000000001,0.0149,0.0153
02.01.2018 14:40:33.779 GMT-0000,10.542,10.528,0.0034,0.0041
02.01.2018 14:40:34.460 GMT-0000,10.543,10.527000000000001,0.0137,0.0153
02.01.2018 14:40:35.205 GMT-0000,10.540999999999999,10.528,0.0075,0.0075
02.01.2018 14:40:35.914 GMT-0000,10.540000000000001,10.528,0.0075,0.0075
02.01.2018 14:40:39.212 GMT-0000,10.539000000000001,10.527000000000001,0.0075,0.0114
02.01.2018 14:40:39.263 GMT-0000,10.532,10.522,0.0145,0.0075
02.01.2018 14:40:40.255 GMT-0000,10.533,10.528,0.0018,0.0075
02.01.2018 14:40:40.305 GMT-0000,10.540999999999999,10.528,0.0075,0.0075
02.01.2018 14:40:41.312 GMT-0000,10.540000000000001,10.528,0.0075,0.0127
02.01.2018 14:40:42.314 GMT-0000,10.543,10.527000000000001,0.0176,0.0183
02.01.2018 14:40:43.314 GMT-0000,10.540000000000001,10.528,0.0075,0.0131
02.01.2018 14:40:45.512 GMT-0000,10.538,10.528,0.0075,0.011
02.01.2018 14:40:46.514 GMT-0000,10.538,10.527000000000001,0.0075,0.0102
02.01.2018 14:40:47.612 GMT-0000,10.538,10.528,0.0075,0.0075
02.01.2018 14:40:49.657 GMT-0000,10.542,10.528,0.0248,0.0014
02.01.2018 14:40:49.707 GMT-0000,10.532,10.517999999999999,0.0011,0.0231
02.01.2018 14:40:50.541 GMT-0000,10.542,10.517999999999999,0.0075,0.0075
02.01.2018 14:40:50.794 GMT-0000,10.533,10.520999999999999,0.0075,0.0075
02.01.2018 14:40:51.814 GMT-0000,10.542,10.517999999999999,0.0111,0.01
02.01.2018 14:40:55.079 GMT-0000,10.543,10.517000000000001,0.0248,0.0239
02.01.2018 14:40:55.266 GMT-0000,10.532,10.517999999999999,0.0016,0.0028
02.01.2018 14:40:56.013 GMT-0000,10.532,10.52,0.0007,0.0075
02.01.2018 14:40:57.223 GMT-0000,10.533,10.52,0.0075,0.0075
02.01.2018 14:40:57.390 GMT-0000,10.540999999999999,10.527000000000001,0.0075,0.0208
02.01.2018 14:40:57.730 GMT-0000,10.542,10.537,0.0001,0.0075
02.01.2018 14:40:57.895 GMT-0000,10.552000000000001,10.538,0.0254,0.0024
02.01.2018 14:40:58.907 GMT-0000,10.549000000000001,10.538,0.0075,0.0016
02.01.2018 14:41:01.332 GMT-0000,10.549000000000001,10.537,0.0075,0.0116
02.01.2018 14:41:01.855 GMT-0000,10.549000000000001,10.538,0.0075,0.0012
02.01.2018 14:41:03.534 GMT-0000,10.549000000000001,10.537,0.0075,0.0127
02.01.2018 14:41:05.823 GMT-0000,10.549000000000001,10.538,0.0075,0.0022
02.01.2018 14:41:06.333 GMT-0000,10.549000000000001,10.537,0.0075,0.0127
02.01.2018 14:41:08.784 GMT-0000,10.549000000000001,10.538,0.0075,0.0051
02.01.2018 14:41:09.410 GMT-0000,10.549000000000001,10.537,0.0075,0.0176
02.01.2018 14:41:10.039 GMT-0000,10.55,10.537,0.0075,0.0187
02.01.2018 14:41:10.753 GMT-0000,10.55,10.538,0.0075,0.0066
02.01.2018 14:41:11.743 GMT-0000,10.55,10.537,0.0075,0.0169
02.01.2018 14:41:12.360 GMT-0000,10.55,10.538,0.0075,0.0024
02.01.2018 14:41:13.092 GMT-0000,10.548,10.538,0.0075,0.0132
02.01.2018 14:41:13.217 GMT-0000,10.542,10.530999999999999,0.0201,0.0075
02.01.2018 14:41:15.280 GMT-0000,10.539000000000001,10.528,0.0075,0.0075
02.01.2018 14:41:15.483 GMT-0000,10.532,10.52,0.011,0.0075
02.01.2018 14:41:16.522 GMT-0000,10.532,10.517000000000001,0.0075,0.0144
02.01.2018 14:41:17.284 GMT-0000,10.532,10.517999999999999,0.011,0.0063
02.01.2018 14:41:17.990 GMT-0000,10.533,10.52,0.0105,0.0075
02.01.2018 14:41:18.613 GMT-0000,10.533,10.517000000000001,0.0141,0.0145
02.01.2018 14:41:19.514 GMT-0000,10.532,10.517999999999999,0.0004,0.0057
02.01.2018 14:41:20.355 GMT-0000,10.532,10.522,0.0105,0.0075
02.01.2018 14:41:20.884 GMT-0000,10.533,10.523,0.0004,0.0075
02.01.2018 14:41:23.588 GMT-0000,10.537,10.527000000000001,0.0075,0.0084
02.01.2018 14:41:23.689 GMT-0000,10.543,10.529000000000002,0.0161,0.0075
02.01.2018 14:41:24.324 GMT-0000,10.542,10.529000000000002,0.0018,0.0075
02.01.2018 14:41:25.613 GMT-0000,10.543,10.53,0.0123,0.0075
02.01.2018 14:41:26.662 GMT-0000,10.543,10.528,0.0124,0.0075
02.01.2018 14:41:27.217 GMT-0000,10.542,10.528,0.002,0.0139
02.01.2018 14:41:28.034 GMT-0000,10.542,10.53,0.0075,0.0075
02.01.2018 14:41:28.740 GMT-0000,10.543,10.530999999999999,0.0108,0.0075
02.01.2018 14:41:29.572 GMT-0000,10.542,10.530999999999999,0.0004,0.0075
02.01.2018 14:41:30.715 GMT-0000,10.543,10.530999999999999,0.0106,0.0075
02.01.2018 14:41:31.164 GMT-0000,10.55,10.538,0.0075,0.0034
02.01.2018 14:41:31.673 GMT-0000,10.55,10.537,0.0075,0.0141
02.01.2018 14:41:34.683 GMT-0000,10.55,10.538,0.0075,0.0068
02.01.2018 14:41:35.454 GMT-0000,10.548,10.538,0.0075,0.0145
02.01.2018 14:41:38.885 GMT-0000,10.542,10.528,0.0075,0.0075
02.01.2018 14:41:39.919 GMT-0000,10.538,10.528,0.0075,0.0125
02.01.2018 14:41:42.612 GMT-0000,10.540000000000001,10.528,0.0075,0.0037
02.01.2018 14:41:45.513 GMT-0000,10.540000000000001,10.527000000000001,0.0075,0.0149
02.01.2018 14:41:46.420 GMT-0000,10.540000000000001,10.528,0.0075,0.005
02.01.2018 14:41:51.275 GMT-0000,10.543,10.538,0.0075,0.016
02.01.2018 14:41:51.326 GMT-0000,10.547,10.538,0.0075,0.0215
02.01.2018 14:41:52.330 GMT-0000,10.549000000000001,10.538,0.0075,0.018
02.01.2018 14:41:55.414 GMT-0000,10.548,10.538,0.0075,0.0075
02.01.2018 14:42:02.369 GMT-0000,10.543,10.538,0.0103,0.0075
02.01.2018 14:42:02.469 GMT-0000,10.543,10.530999999999999,0.0177,0.0075
02.01.2018 14:42:03.227 GMT-0000,10.542,10.530999999999999,0.0062,0.0075
02.01.2018 14:42:03.903 GMT-0000,10.543,10.53,0.0181,0.0075
02.01.2018 14:42:04.737 GMT-0000,10.542,10.53,0.0058,0.0075
02.01.2018 14:42:05.461 GMT-0000,10.543,10.53,0.0175,0.0075
02.01.2018 14:42:08.361 GMT-0000,10.542,10.53,0.0056,0.0075
02.01.2018 14:42:09.692 GMT-0000,10.543,10.53,0.0175,0.0075
02.01.2018 14:42:10.693 GMT-0000,10.542,10.53,0.0057,0.0075
02.01.2018 14:42:10.744 GMT-0000,10.548,10.537,0.0075,0.012
02.01.2018 14:42:11.694 GMT-0000,10.548,10.538,0.0075,0.0017
02.01.2018 14:42:12.653 GMT-0000,10.548,10.537,0.0075,0.0143
02.01.2018 14:42:13.163 GMT-0000,10.549000000000001,10.538,0.0075,0.0032
02.01.2018 14:42:14.455 GMT-0000,10.549000000000001,10.537,0.0075,0.0131
02.01.2018 14:42:14.993 GMT-0000,10.549000000000001,10.538,0.0075,0.0024
02.01.2018 14:42:19.977 GMT-0000,10.549000000000001,10.537,0.0075,0.0139
02.01.2018 14:42:21.342 GMT-0000,10.549000000000001,10.538,0.0075,0.006
02.01.2018 14:42:21.910 GMT-0000,10.55,10.538,0.0075,0.0073
02.01.2018 14:42:22.608 GMT-0000,10.55,10.537,0.0075,0.0263
02.01.2018 14:42:22.659 GMT-0000,10.563,10.547,0.0126,0.0199
02.01.2018 14:42:23.200 GMT-0000,10.562000000000001,10.548,0.0041,0.0084
02.01.2018 14:42:23.724 GMT-0000,10.563,10.558,0.0075,0.0019
02.01.2018 14:42:23.775 GMT-0000,10.572000000000001,10.558,0.0075,0.0075
02.01.2018 14:42:24.813 GMT-0000,10.571,10.557,0.0075,0.0148
02.01.2018 14:42:25.353 GMT-0000,10.571,10.558,0.0075,0.0076
02.01.2018 14:42:26.079 GMT-0000,10.571,10.557,0.0075,0.0137
02.01.2018 14:42:26.941 GMT-0000,10.569,10.558,0.0075,0.0075
02.01.2018 14:42:29.977 GMT-0000,10.582,10.568,0.0034,0.0089
02.01.2018 14:42:31.336 GMT-0000,10.583,10.567,0.0116,0.0224
02.01.2018 14:42:33.251 GMT-0000,10.582,10.568,0.0016,0.0093
02.01.2018 14:42:34.508 GMT-0000,10.583,10.567,0.0126,0.0209
02.01.2018 14:42:36.220 GMT-0000,10.582,10.568,0.0019,0.0071
02.01.2018 14:42:36.726 GMT-0000,10.583,10.567,0.0133,0.0191
02.01.2018 14:42:38.156 GMT-0000,10.582,10.568,0.0026,0.0025
02.01.2018 14:42:40.339 GMT-0000,10.583,10.567,0.0165,0.0121
02.01.2018 14:42:41.229 GMT-0000,10.58,10.567,0.0075,0.012
02.01.2018 14:42:44.816 GMT-0000,10.572000000000001,10.558,0.0099,0.0133
02.01.2018 14:42:45.840 GMT-0000,10.57,10.557,0.0075,0.0121
02.01.2018 14:42:46.632 GMT-0000,10.57,10.558,0.0075,0.0016
02.01.2018 14:42:47.797 GMT-0000,10.569,10.557,0.0075,0.0125
02.01.2018 14:42:48.329 GMT-0000,10.569,10.558,0.0075,0.0128
02.01.2018 14:42:49.938 GMT-0000,10.571,10.558,0.0075,0.0118
02.01.2018 14:42:51.284 GMT-0000,10.571,10.557,0.0075,0.0126
02.01.2018 14:42:51.983 GMT-0000,10.571,10.558,0.0075,0.002
02.01.2018 14:42:52.854 GMT-0000,10.569,10.558,0.0075,0.0124
02.01.2018 14:42:53.927 GMT-0000,10.57,10.558,0.0075,0.0075
02.01.2018 14:42:55.214 GMT-0000,10.569,10.558,0.0075,0.0075
02.01.2018 14:42:55.617 GMT-0000,10.563,10.558,0.0098,0.0075
02.01.2018 14:42:55.738 GMT-0000,10.562000000000001,10.551,0.0073,0.0075
02.01.2018 14:42:56.257 GMT-0000,10.563,10.551,0.0124,0.0075
02.01.2018 14:42:56.308 GMT-0000,10.563,10.558,0.0075,0.0072
02.01.2018 14:42:56.552 GMT-0000,10.572000000000001,10.558,0.0075,0.0075
02.01.2018 14:42:57.497 GMT-0000,10.562000000000001,10.548,0.0016,0.0076
02.01.2018 14:42:57.799 GMT-0000,10.552000000000001,10.539000000000001,0.0172,0.0075
02.01.2018 14:42:58.642 GMT-0000,10.542,10.530999999999999,0.0075,0.0075
02.01.2018 14:42:59.713 GMT-0000,10.542,10.528,0.0023,0.0137
02.01.2018 14:43:00.299 GMT-0000,10.543,10.528,0.0173,0.0075
02.01.2018 14:43:00.878 GMT-0000,10.540999999999999,10.527000000000001,0.0075,0.0135
02.01.2018 14:43:01.550 GMT-0000,10.540999999999999,10.528,0.0075,0.0008
02.01.2018 14:43:02.232 GMT-0000,10.540999999999999,10.527000000000001,0.0075,0.0126
02.01.2018 14:43:02.624 GMT-0000,10.533,10.527000000000001,0.0005,0.0075
02.01.2018 14:43:02.674 GMT-0000,10.533,10.517999999999999,0.0184,0.0075
02.01.2018 14:43:03.281 GMT-0000,10.532,10.517999999999999,0.0055,0.0157
02.01.2018 14:43:03.834 GMT-0000,10.530999999999999,10.517999999999999,0.0075,0.002
02.01.2018 14:43:04.573 GMT-0000,10.530999999999999,10.517000000000001,0.0075,0.0177
02.01.2018 14:43:05.299 GMT-0000,10.532,10.517999999999999,0.0049,0.0023
02.01.2018 14:43:05.835 GMT-0000,10.532,10.522,0.0075,0.0075
02.01.2018 14:43:05.985 GMT-0000,10.542,10.529000000000002,0.0075,0.0075
02.01.2018 14:43:07.012 GMT-0000,10.538,10.528,0.0075,0.011
02.01.2018 14:43:08.013 GMT-0000,10.542,10.527000000000001,0.0075,0.0123
02.01.2018 14:43:08.708 GMT-0000,10.542,10.528,0.0155,0.0044
02.01.2018 14:43:09.348 GMT-0000,10.542,10.529000000000002,0.002,0.0075
02.01.2018 14:43:11.611 GMT-0000,10.543,10.529000000000002,0.0131,0.0075
02.01.2018 14:43:12.313 GMT-0000,10.542,10.528,0.0133,0.0133
02.01.2018 14:43:13.312 GMT-0000,10.539000000000001,10.528,0.0075,0.0075
02.01.2018 14:43:14.285 GMT-0000,10.533,10.517999999999999,0.0196,0.0075
02.01.2018 14:43:14.812 GMT-0000,10.542,10.528,0.0023,0.008
02.01.2018 14:43:15.659 GMT-0000,10.543,10.527000000000001,0.0124,0.0211
02.01.2018 14:43:16.733 GMT-0000,10.542,10.530999999999999,0.0075,0.0075
02.01.2018 14:43:17.882 GMT-0000,10.542,10.537,0.0075,0.0059
02.01.2018 14:43:17.932 GMT-0000,10.552000000000001,10.538,0.0183,0.0075
02.01.2018 14:43:18.917 GMT-0000,10.552000000000001,10.540000000000001,0.0128,0.0075
02.01.2018 14:43:25.236 GMT-0000,10.552000000000001,10.542,0.0075,0.0075
02.01.2018 14:43:26.312 GMT-0000,10.552000000000001,10.540999999999999,0.0075,0.0075
02.01.2018 14:43:27.719 GMT-0000,10.562000000000001,10.548,0.002,0.0038
02.01.2018 14:43:28.275 GMT-0000,10.563,10.547,0.0128,0.0159
02.01.2018 14:43:28.961 GMT-0000,10.562000000000001,10.551,0.0118,0.0075
02.01.2018 14:43:29.865 GMT-0000,10.563,10.551,0.0113,0.0075
02.01.2018 14:43:30.420 GMT-0000,10.562000000000001,10.551,0.001,0.0075
02.01.2018 14:43:31.647 GMT-0000,10.563,10.551,0.0139,0.0075
02.01.2018 14:43:32.199 GMT-0000,10.562000000000001,10.549000000000001,0.0176,0.0075
02.01.2018 14:43:32.250 GMT-0000,10.552000000000001,10.543,0.0075,0.0075
02.01.2018 14:43:33.013 GMT-0000,10.548,10.538,0.0075,0.0118
02.01.2018 14:43:34.012 GMT-0000,10.55,10.538,0.0075,0.0014
02.01.2018 14:43:34.741 GMT-0000,10.55,10.537,0.0075,0.0118
02.01.2018 14:43:35.926 GMT-0000,10.548,10.538,0.0075,0.0002
02.01.2018 14:43:37.146 GMT-0000,10.549000000000001,10.538,0.0075,0.0118
02.01.2018 14:43:38.113 GMT-0000,10.548,10.537,0.0075,0.0102
02.01.2018 14:43:40.116 GMT-0000,10.548,10.538,0.0075,0.0019
02.01.2018 14:43:40.744 GMT-0000,10.549000000000001,10.538,0.0075,0.0075
02.01.2018 14:43:41.990 GMT-0000,10.552000000000001,10.537,0.0075,0.0129
02.01.2018 14:43:43.520 GMT-0000,10.551,10.537,0.0075,0.0129
02.01.2018 14:43:44.055 GMT-0000,10.551,10.538,0.0075,0.0008
02.01.2018 14:43:44.613 GMT-0000,10.548,10.538,0.0075,0.0111
02.01.2018 14:43:46.615 GMT-0000,10.552000000000001,10.539000000000001,0.0145,0.0075
02.01.2018 14:43:47.651 GMT-0000,10.552000000000001,10.538,0.0034,0.0052
02.01.2018 14:43:48.484 GMT-0000,10.552999999999999,10.537,0.0177,0.0111
02.01.2018 14:43:48.913 GMT-0000,10.543,10.538,0.0027,0.0075
02.01.2018 14:43:49.086 GMT-0000,10.543,10.530999999999999,0.0164,0.0075
02.01.2018 14:43:49.853 GMT-0000,10.542,10.530999999999999,0.005,0.0075
02.01.2018 14:43:50.688 GMT-0000,10.540999999999999,10.528,0.0075,0.0075
02.01.2018 14:43:51.205 GMT-0000,10.543,10.528,0.0165,0.0075
02.01.2018 14:43:51.909 GMT-0000,10.542,10.528,0.0019,0.0145
02.01.2018 14:43:52.644 GMT-0000,10.542,10.537,0.0075,0.0077
02.01.2018 14:43:53.185 GMT-0000,10.547,10.538,0.0075,0.0075
02.01.2018 14:43:53.712 GMT-0000,10.552000000000001,10.540999999999999,0.0075,0.0075
02.01.2018 14:43:56.465 GMT-0000,10.547,10.538,0.0075,0.0124
02.01.2018 14:43:56.653 GMT-0000,10.552999999999999,10.537,0.0163,0.0133
02.01.2018 14:43:57.514 GMT-0000,10.549000000000001,10.538,0.0075,0.012
02.01.2018 14:43:58.613 GMT-0000,10.552000000000001,10.537,0.0075,0.0133
02.01.2018 14:43:59.254 GMT-0000,10.552000000000001,10.538,0.0165,0.0014
02.01.2018 14:44:00.089 GMT-0000,10.552999999999999,10.537,0.0129,0.0149
02.01.2018 14:44:00.606 GMT-0000,10.552999999999999,10.548,0.0018,0.0075
02.01.2018 14:44:00.704 GMT-0000,10.558,10.548,0.0075,0.0075
02.01.2018 14:44:02.713 GMT-0000,10.558,10.547,0.0075,0.0008
02.01.2018 14:44:03.743 GMT-0000,10.558,10.548,0.0075,0.0018
02.01.2018 14:44:08.519 GMT-0000,10.558,10.547,0.0075,0.0041
02.01.2018 14:44:09.627 GMT-0000,10.56,10.548,0.0075,0.0015
02.01.2018 14:44:10.633 GMT-0000,10.558,10.548,0.0075,0.0144
02.01.2018 14:44:17.309 GMT-0000,10.552000000000001,10.543,0.0052,0.0075
02.01.2018 14:44:17.410 GMT-0000,10.55,10.537,0.0075,0.0157
02.01.2018 14:44:18.412 GMT-0000,10.549000000000001,10.537,0.0075,0.011
02.01.2018 14:44:20.266 GMT-0000,10.549000000000001,10.538,0.0075,0.0008
02.01.2018 14:44:20.977 GMT-0000,10.55,10.537,0.0075,0.0122
02.01.2018 14:44:22.074 GMT-0000,10.55,10.538,0.0075,0.0048
02.01.2018 14:44:22.691 GMT-0000,10.552000000000001,10.538,0.0022,0.0023
02.01.2018 14:44:23.511 GMT-0000,10.552000000000001,10.540000000000001,0.0075,0.0075
02.01.2018 14:44:24.512 GMT-0000,10.552000000000001,10.540999999999999,0.0075,0.0075
02.01.2018 14:44:26.881 GMT-0000,10.552000000000001,10.542,0.0122,0.0075
02.01.2018 14:44:27.913 GMT-0000,10.552000000000001,10.540999999999999,0.0118,0.0075
02.01.2018 14:44:31.384 GMT-0000,10.55,10.538,0.0075,0.0008
02.01.2018 14:44:32.419 GMT-0000,10.549000000000001,10.538,0.0075,0.0008
02.01.2018 14:44:33.023 GMT-0000,10.549000000000001,10.537,0.0075,0.0111
02.01.2018 14:44:35.241 GMT-0000,10.549000000000001,10.538,0.0075,0.0013
02.01.2018 14:44:36.211 GMT-0000,10.552999999999999,10.537,0.013,0.0128
02.01.2018 14:44:37.517 GMT-0000,10.552000000000001,10.538,0.0022,0.0021
02.01.2018 14:44:39.323 GMT-0000,10.55,10.538,0.0075,0.0128
02.01.2018 14:44:42.003 GMT-0000,10.55,10.537,0.0075,0.0115
02.01.2018 14:44:43.299 GMT-0000,10.548,10.538,0.0075,0.0104
02.01.2018 14:44:43.456 GMT-0000,10.542,10.532,0.0075,0.0075
02.01.2018 14:44:44.412 GMT-0000,10.539000000000001,10.528,0.0075,0.0075
02.01.2018 14:44:45.511 GMT-0000,10.540999999999999,10.527000000000001,0.0075,0.0124
02.01.2018 14:44:46.717 GMT-0000,10.540000000000001,10.528,0.0075,0.0012
02.01.2018 14:44:47.408 GMT-0000,10.540000000000001,10.527000000000001,0.0075,0.0116
02.01.2018 14:44:48.284 GMT-0000,10.540000000000001,10.528,0.0075,0.0014
02.01.2018 14:44:49.857 GMT-0000,10.540000000000001,10.527000000000001,0.0075,0.0119
02.01.2018 14:44:51.214 GMT-0000,10.540000000000001,10.528,0.0075,0.0075
02.01.2018 14:44:54.388 GMT-0000,10.540000000000001,10.527000000000001,0.0075,0.0116
02.01.2018 14:44:55.092 GMT-0000,10.540000000000001,10.528,0.0075,0.0012
02.01.2018 14:44:56.623 GMT-0000,10.540000000000001,10.527000000000001,0.0075,0.0116
02.01.2018 14:44:58.628 GMT-0000,10.540000000000001,10.528,0.0075,0.0022
02.01.2018 14:44:59.526 GMT-0000,10.540000000000001,10.527000000000001,0.0075,0.0124
02.01.2018 14:45:00.271 GMT-0000,10.540000000000001,10.528,0.0075,0.0075
02.01.2018 14:45:02.310 GMT-0000,10.540000000000001,10.527000000000001,0.0075,0.0126
02.01.2018 14:45:03.148 GMT-0000,10.540000000000001,10.528,0.0075,0.0022
02.01.2018 14:45:04.560 GMT-0000,10.540999999999999,10.528,0.0075,0.002
02.01.2018 14:45:05.272 GMT-0000,10.540999999999999,10.527000000000001,0.0075,0.0127
02.01.2018 14:45:06.065 GMT-0000,10.539000000000001,10.528,0.0075,0.0125
02.01.2018 14:45:06.677 GMT-0000,10.540999999999999,10.528,0.0075,0.0022
02.01.2018 14:45:07.852 GMT-0000,10.540999999999999,10.527000000000001,0.0075,0.0129
02.01.2018 14:45:08.712 GMT-0000,10.540000000000001,10.527000000000001,0.0075,0.0129
02.01.2018 14:45:09.978 GMT-0000,10.540000000000001,10.528,0.0075,0.002
02.01.2018 14:45:12.722 GMT-0000,10.540000000000001,10.527000000000001,0.0075,0.0111
02.01.2018 14:45:13.031 GMT-0000,10.533,10.520999999999999,0.0145,0.0075
02.01.2018 14:45:13.556 GMT-0000,10.532,10.520999999999999,0.0038,0.0075
02.01.2018 14:45:14.288 GMT-0000,10.532,10.517000000000001,0.0075,0.0127
02.01.2018 14:45:15.957 GMT-0000,10.530999999999999,10.517000000000001,0.0075,0.0127
02.01.2018 14:45:16.564 GMT-0000,10.530999999999999,10.517999999999999,0.0075,0.0014
02.01.2018 14:45:17.162 GMT-0000,10.532,10.517000000000001,0.0075,0.0126
02.01.2018 14:45:17.668 GMT-0000,10.533,10.528,0.0075,0.0021
02.01.2018 14:45:18.063 GMT-0000,10.540000000000001,10.528,0.0075,0.0136
02.01.2018 14:45:20.283 GMT-0000,10.539000000000001,10.528,0.0075,0.0133
02.01.2018 14:45:21.736 GMT-0000,10.532,10.527000000000001,0.0075,0.0022
02.01.2018 14:45:22.394 GMT-0000,10.532,10.522,0.0075,0.0075
02.01.2018 14:45:22.941 GMT-0000,10.532,10.517999999999999,0.0145,0.0019
02.01.2018 14:45:27.028 GMT-0000,10.53,10.517999999999999,0.0075,0.0127
02.01.2018 14:45:32.213 GMT-0000,10.529000000000002,10.517999999999999,0.0075,0.0123
02.01.2018 14:45:33.314 GMT-0000,10.53,10.517999999999999,0.0075,0.0123
02.01.2018 14:45:34.341 GMT-0000,10.533,10.517000000000001,0.0161,0.0159
02.01.2018 14:45:35.026 GMT-0000,10.532,10.517999999999999,0.0044,0.0035
02.01.2018 14:45:35.700 GMT-0000,10.532,10.517000000000001,0.0075,0.0122
02.01.2018 14:45:36.413 GMT-0000,10.533,10.517999999999999,0.0153,0.0075
02.01.2018 14:45:37.149 GMT-0000,10.532,10.517999999999999,0.0044,0.0114
02.01.2018 14:45:38.103 GMT-0000,10.53,10.517999999999999,0.0075,0.0008
02.01.2018 14:45:38.870 GMT-0000,10.529000000000002,10.517999999999999,0.0075,0.001
02.01.2018 14:45:40.114 GMT-0000,10.529000000000002,10.517000000000001,0.0075,0.012
02.01.2018 14:45:40.762 GMT-0000,10.529000000000002,10.517999999999999,0.0075,0.0119
02.01.2018 14:45:42.912 GMT-0000,10.528,10.517999999999999,0.0075,0.0075
02.01.2018 14:45:45.013 GMT-0000,10.53,10.517000000000001,0.0075,0.0122
02.01.2018 14:45:46.244 GMT-0000,10.53,10.517999999999999,0.0075,0.0019
02.01.2018 14:45:47.998 GMT-0000,10.53,10.517000000000001,0.0075,0.0152
02.01.2018 14:45:48.712 GMT-0000,10.53,10.517999999999999,0.0075,0.0126
02.01.2018 14:45:49.714 GMT-0000,10.532,10.519000000000002,0.0149,0.0075
02.01.2018 14:45:50.813 GMT-0000,10.530999999999999,10.517000000000001,0.0075,0.0126
02.01.2018 14:45:52.112 GMT-0000,10.530999999999999,10.517999999999999,0.0075,0.0043
02.01.2018 14:45:52.714 GMT-0000,10.530999999999999,10.517000000000001,0.0075,0.0127
02.01.2018 14:45:53.071 GMT-0000,10.540999999999999,10.528,0.0075,0.0075
02.01.2018 14:45:54.852 GMT-0000,10.537,10.528,0.0075,0.0106
02.01.2018 14:45:55.813 GMT-0000,10.540000000000001,10.528,0.0075,0.0019
02.01.2018 14:45:56.443 GMT-0000,10.540000000000001,10.527000000000001,0.0075,0.0125
02.01.2018 14:45:57.199 GMT-0000,10.538,10.527000000000001,0.0075,0.0106
02.01.2018 14:45:58.909 GMT-0000,10.538,10.528,0.0075,0.0004
02.01.2018 14:46:01.271 GMT-0000,10.538,10.527000000000001,0.0075,0.0103
02.01.2018 14:46:02.173 GMT-0000,10.533,10.520999999999999,0.0247,0.0075
02.01.2018 14:46:03.213 GMT-0000,10.53,10.517000000000001,0.0075,0.0128
02.01.2018 14:46:04.056 GMT-0000,10.53,10.517999999999999,0.0075,0.002
02.01.2018 14:46:05.348 GMT-0000,10.530999999999999,10.517999999999999,0.0075,0.0159
02.01.2018 14:46:06.670 GMT-0000,10.530999999999999,10.517000000000001,0.0075,0.016
02.01.2018 14:46:08.222 GMT-0000,10.530999999999999,10.517999999999999,0.0075,0.0055
02.01.2018 14:46:08.913 GMT-0000,10.532,10.52,0.0075,0.0075
02.01.2018 14:46:11.663 GMT-0000,10.532,10.520999999999999,0.0131,0.0075
02.01.2018 14:46:11.713 GMT-0000,10.533,10.528,0.0023,0.0075
02.01.2018 14:46:11.764 GMT-0000,10.540000000000001,10.528,0.0075,0.0181
02.01.2018 14:46:12.717 GMT-0000,10.539000000000001,10.528,0.0075,0.0075
02.01.2018 14:46:14.852 GMT-0000,10.542,10.527000000000001,0.0075,0.0191
02.01.2018 14:46:15.528 GMT-0000,10.542,10.528,0.0228,0.0068
02.01.2018 14:46:17.533 GMT-0000,10.540999999999999,10.527000000000001,0.0075,0.0165
02.01.2018 14:46:18.659 GMT-0000,10.540999999999999,10.528,0.0075,0.0049
02.01.2018 14:46:22.764 GMT-0000,10.540000000000001,10.528,0.0075,0.0075
02.01.2018 14:46:23.813 GMT-0000,10.540999999999999,10.528,0.0075,0.0165
02.01.2018 14:46:25.464 GMT-0000,10.540999999999999,10.527000000000001,0.0075,0.0165
02.01.2018 14:46:28.813 GMT-0000,10.540999999999999,10.528,0.0075,0.0075
02.01.2018 14:46:33.073 GMT-0000,10.542,10.528,0.0083,0.0049
02.01.2018 14:46:34.321 GMT-0000,10.542,10.527000000000001,0.0075,0.0177
02.01.2018 14:46:35.047 GMT-0000,10.542,10.528,0.02,0.0058
02.01.2018 14:46:35.559 GMT-0000,10.542,10.527000000000001,0.0075,0.0177
02.01.2018 14:46:36.498 GMT-0000,10.542,10.528,0.0245,0.0058
02.01.2018 14:46:37.045 GMT-0000,10.542,10.527000000000001,0.0075,0.0205
02.01.2018 14:46:37.724 GMT-0000,10.542,10.528,0.0075,0.0075
02.01.2018 14:46:38.460 GMT-0000,10.540999999999999,10.528,0.0075,0.0175
02.01.2018 14:46:38.585 GMT-0000,10.551,10.538,0.0075,0.0199
02.01.2018 14:46:39.612 GMT-0000,10.552000000000001,10.538,0.0081,0.0085
02.01.2018 14:46:40.114 GMT-0000,10.552999999999999,10.537,0.0217,0.0195
02.01.2018 14:46:41.865 GMT-0000,10.552000000000001,10.537,0.0075,0.0195
02.01.2018 14:46:43.977 GMT-0000,10.552000000000001,10.538,0.0213,0.022
02.01.2018 14:46:50.076 GMT-0000,10.551,10.538,0.0075,0.0075
02.01.2018 14:46:51.013 GMT-0000,10.552000000000001,10.538,0.0209,0.0201
02.01.2018 14:47:03.201 GMT-0000,10.552000000000001,10.539000000000001,0.0213,0.0075
02.01.2018 14:47:15.398 GMT-0000,10.552999999999999,10.548,0.0075,0.0081
02.01.2018 14:47:15.615 GMT-0000,10.56,10.548,0.0075,0.0073
02.01.2018 14:47:16.512 GMT-0000,10.56,10.547,0.0075,0.0256
02.01.2018 14:47:17.549 GMT-0000,10.56,10.548,0.0075,0.02
02.01.2018 14:47:19.798 GMT-0000,10.571,10.558,0.0075,0.0189
02.01.2018 14:47:20.815 GMT-0000,10.573,10.559000000000001,0.0135,0.0075
02.01.2018 14:47:21.914 GMT-0000,10.573,10.558,0.0173,0.0075
02.01.2018 14:47:22.734 GMT-0000,10.572000000000001,10.558,0.0024,0.0191
02.01.2018 14:47:23.485 GMT-0000,10.572000000000001,10.559000000000001,0.0048,0.0075
02.01.2018 14:47:26.013 GMT-0000,10.572000000000001,10.56,0.0075,0.0075
02.01.2018 14:47:32.828 GMT-0000,10.572000000000001,10.558,0.0034,0.0067
02.01.2018 14:47:33.608 GMT-0000,10.573,10.557,0.0184,0.0137
02.01.2018 14:47:34.933 GMT-0000,10.57,10.558,0.0075,0.0137
02.01.2018 14:47:36.013 GMT-0000,10.568,10.558,0.0075,0.0111
02.01.2018 14:47:37.113 GMT-0000,10.572000000000001,10.558,0.0075,0.0075
02.01.2018 14:47:38.115 GMT-0000,10.571,10.558,0.0075,0.0179
02.01.2018 14:47:40.114 GMT-0000,10.572000000000001,10.561,0.0075,0.0075
02.01.2018 14:47:41.258 GMT-0000,10.573,10.562000000000001,0.0149,0.0075
02.01.2018 14:47:41.732 GMT-0000,10.578,10.568,0.0075,0.0117
02.01.2018 14:47:43.295 GMT-0000,10.578,10.567,0.0075,0.0109
02.01.2018 14:47:43.851 GMT-0000,10.582,10.568,0.0217,0.0256
02.01.2018 14:48:02.209 GMT-0000,10.593,10.577,0.0615,0.0212
02.01.2018 14:48:02.994 GMT-0000,10.592,10.578,0.0384,0.0114
02.01.2018 14:48:03.530 GMT-0000,10.587000000000002,10.578,0.0075,0.0253
02.01.2018 14:48:05.313 GMT-0000,10.589,10.577,0.0075,0.0253
02.01.2018 14:48:05.933 GMT-0000,10.589,10.578,0.0075,0.0301
02.01.2018 14:48:07.192 GMT-0000,10.591,10.578,0.0075,0.0075
02.01.2018 14:48:20.013 GMT-0000,10.592,10.578,0.0075,0.0075
02.01.2018 14:48:45.413 GMT-0000,10.579,10.567,0.0075,0.0103
02.01.2018 14:48:45.884 GMT-0000,10.57,10.558,0.0075,0.0075
02.01.2018 14:48:47.553 GMT-0000,10.581,10.568,0.0075,0.0075
02.01.2018 14:48:48.070 GMT-0000,10.572000000000001,10.563,0.0145,0.0075
02.01.2018 14:48:49.113 GMT-0000,10.572000000000001,10.561,0.0004,0.0075
02.01.2018 14:48:50.115 GMT-0000,10.573,10.56,0.0114,0.0075
02.01.2018 14:48:50.834 GMT-0000,10.572000000000001,10.56,0.001,0.0075
02.01.2018 14:48:51.682 GMT-0000,10.573,10.56,0.0116,0.0075
02.01.2018 14:48:52.213 GMT-0000,10.572000000000001,10.558,0.0024,0.0157
02.01.2018 14:48:52.841 GMT-0000,10.573,10.558,0.0161,0.0075
02.01.2018 14:48:54.241 GMT-0000,10.573,10.56,0.0121,0.0075
02.01.2018 14:48:55.314 GMT-0000,10.572000000000001,10.558,0.0075,0.0075
02.01.2018 14:48:56.414 GMT-0000,10.572000000000001,10.559000000000001,0.0144,0.0075
02.01.2018 14:48:57.415 GMT-0000,10.573,10.557,0.0151,0.0149
02.01.2018 14:49:00.578 GMT-0000,10.572000000000001,10.558,0.0181,0.0036
02.01.2018 14:49:01.149 GMT-0000,10.572000000000001,10.557,0.0075,0.0148
02.01.2018 14:49:01.661 GMT-0000,10.572000000000001,10.558,0.0188,0.0036
02.01.2018 14:49:02.371 GMT-0000,10.572000000000001,10.557,0.0075,0.0148
02.01.2018 14:49:03.617 GMT-0000,10.572000000000001,10.558,0.0157,0.0148
02.01.2018 14:49:13.001 GMT-0000,10.572000000000001,10.557,0.0075,0.0148
02.01.2018 14:49:13.806 GMT-0000,10.572000000000001,10.558,0.0183,0.0035
02.01.2018 14:49:15.219 GMT-0000,10.571,10.558,0.0075,0.0036
02.01.2018 14:49:16.824 GMT-0000,10.571,10.557,0.0075,0.0148
02.01.2018 14:49:17.365 GMT-0000,10.572000000000001,10.558,0.0038,0.0036
02.01.2018 14:49:19.324 GMT-0000,10.572000000000001,10.559000000000001,0.0151,0.0075
02.01.2018 14:49:20.414 GMT-0000,10.573,10.557,0.0145,0.0153
02.01.2018 14:49:20.972 GMT-0000,10.572000000000001,10.558,0.0034,0.004
02.01.2018 14:49:21.971 GMT-0000,10.573,10.557,0.0173,0.0153
02.01.2018 14:49:22.491 GMT-0000,10.572000000000001,10.558,0.0187,0.004
02.01.2018 14:49:24.183 GMT-0000,10.573,10.557,0.0163,0.0153
02.01.2018 14:49:24.742 GMT-0000,10.571,10.558,0.0075,0.0039
02.01.2018 14:49:25.698 GMT-0000,10.571,10.557,0.0075,0.0152
02.01.2018 14:49:26.613 GMT-0000,10.571,10.558,0.0075,0.0152
02.01.2018 14:49:27.204 GMT-0000,10.573,10.557,0.0157,0.0153
02.01.2018 14:49:28.531 GMT-0000,10.573,10.558,0.016,0.0075
02.01.2018 14:49:29.211 GMT-0000,10.572000000000001,10.558,0.0036,0.0156
02.01.2018 14:49:30.675 GMT-0000,10.573,10.557,0.0148,0.0163
02.01.2018 14:49:31.208 GMT-0000,10.572000000000001,10.559000000000001,0.0026,0.0075
02.01.2018 14:49:32.712 GMT-0000,10.572000000000001,10.558,0.0032,0.0164
02.01.2018 14:49:35.261 GMT-0000,10.573,10.558,0.0141,0.0075
02.01.2018 14:49:36.323 GMT-0000,10.572000000000001,10.558,0.0033,0.0164
02.01.2018 14:49:38.269 GMT-0000,10.573,10.558,0.0144,0.0075
02.01.2018 14:49:41.023 GMT-0000,10.572000000000001,10.558,0.0034,0.0157
02.01.2018 14:49:41.792 GMT-0000,10.573,10.558,0.0145,0.0075
02.01.2018 14:49:42.512 GMT-0000,10.573,10.557,0.0145,0.0155
02.01.2018 14:49:43.622 GMT-0000,10.572000000000001,10.558,0.0173,0.0041
02.01.2018 14:49:44.458 GMT-0000,10.572000000000001,10.557,0.0075,0.0119
02.01.2018 14:49:45.005 GMT-0000,10.563,10.558,0.0075,0.0017
02.01.2018 14:49:45.062 GMT-0000,10.562000000000001,10.552000000000001,0.01,0.0075
02.01.2018 14:49:45.719 GMT-0000,10.552000000000001,10.542,0.011,0.0075
02.01.2018 14:49:46.265 GMT-0000,10.549000000000001,10.537,0.0075,0.0075
02.01.2018 14:49:47.213 GMT-0000,10.549000000000001,10.538,0.0075,0.0002
02.01.2018 14:49:47.915 GMT-0000,10.548,10.538,0.0075,0.0023
02.01.2018 14:49:48.426 GMT-0000,10.552000000000001,10.540000000000001,0.0075,0.0075
02.01.2018 14:49:49.410 GMT-0000,10.552999999999999,10.540000000000001,0.0119,0.0075
02.01.2018 14:49:51.257 GMT-0000,10.552000000000001,10.540000000000001,0.0015,0.0075
02.01.2018 14:49:51.890 GMT-0000,10.552999999999999,10.540000000000001,0.0117,0.0075
02.01.2018 14:49:52.678 GMT-0000,10.552000000000001,10.540000000000001,0.0013,0.0075
02.01.2018 14:49:53.016 GMT-0000,10.559000000000001,10.547,0.0075,0.0112
02.01.2018 14:49:54.082 GMT-0000,10.559000000000001,10.548,0.0075,0.0007
02.01.2018 14:49:54.891 GMT-0000,10.559000000000001,10.547,0.0075,0.0109
02.01.2018 14:49:55.912 GMT-0000,10.559000000000001,10.548,0.0075,0.0075
02.01.2018 14:49:59.048 GMT-0000,10.56,10.548,0.0075,0.0141
02.01.2018 14:50:00.113 GMT-0000,10.562000000000001,10.549000000000001,0.0075,0.0075
02.01.2018 14:50:02.986 GMT-0000,10.562000000000001,10.55,0.0075,0.0075
02.01.2018 14:50:04.099 GMT-0000,10.562000000000001,10.548,0.0044,0.0205
02.01.2018 14:50:05.070 GMT-0000,10.562000000000001,10.55,0.0157,0.0075
02.01.2018 14:50:08.325 GMT-0000,10.563,10.558,0.0075,0.0109
02.01.2018 14:50:08.378 GMT-0000,10.571,10.558,0.0075,0.0075
02.01.2018 14:50:09.314 GMT-0000,10.572000000000001,10.56,0.0075,0.0075
02.01.2018 14:50:13.670 GMT-0000,10.572000000000001,10.558,0.0075,0.0075
02.01.2018 14:50:14.618 GMT-0000,10.572000000000001,10.56,0.0139,0.0075
02.01.2018 14:50:15.815 GMT-0000,10.572000000000001,10.558,0.0029,0.0056
02.01.2018 14:50:16.914 GMT-0000,10.572000000000001,10.56,0.013,0.0075
02.01.2018 14:50:18.013 GMT-0000,10.573,10.56,0.013,0.0075
02.01.2018 14:50:19.212 GMT-0000,10.572000000000001,10.559000000000001,0.0028,0.0075
02.01.2018 14:50:21.126 GMT-0000,10.572000000000001,10.563,0.0137,0.0075
02.01.2018 14:50:24.094 GMT-0000,10.573,10.568,0.0075,0.0086
02.01.2018 14:50:24.280 GMT-0000,10.582,10.57,0.008,0.0075
02.01.2018 14:50:24.539 GMT-0000,10.575999999999999,10.568,0.0075,0.0041
02.01.2018 14:50:25.330 GMT-0000,10.575999999999999,10.567,0.0075,0.0041
02.01.2018 14:50:25.915 GMT-0000,10.575000000000001,10.568,0.0075,0.002
02.01.2018 14:50:26.557 GMT-0000,10.578,10.568,0.0075,0.0022
02.01.2018 14:50:27.064 GMT-0000,10.578,10.567,0.0075,0.0022
02.01.2018 14:50:27.958 GMT-0000,10.578,10.568,0.0075,0.0042
02.01.2018 14:50:28.816 GMT-0000,10.578,10.567,0.0075,0.0022
02.01.2018 14:50:29.816 GMT-0000,10.578,10.568,0.0075,0.0028
02.01.2018 14:50:30.614 GMT-0000,10.579,10.567,0.0075,0.0137
02.01.2018 14:50:31.378 GMT-0000,10.579,10.568,0.0075,0.005
02.01.2018 14:50:32.014 GMT-0000,10.582,10.568,0.018,0.0051
02.01.2018 14:50:32.679 GMT-0000,10.582,10.567,0.0075,0.0169
02.01.2018 14:50:33.182 GMT-0000,10.582,10.568,0.0071,0.0168
02.01.2018 14:50:33.716 GMT-0000,10.581,10.568,0.0075,0.0123
02.01.2018 14:50:34.787 GMT-0000,10.578,10.568,0.0075,0.0125
02.01.2018 14:50:36.523 GMT-0000,10.579,10.568,0.0075,0.0075
02.01.2018 14:50:37.516 GMT-0000,10.583,10.568,0.016,0.0075
02.01.2018 14:50:38.337 GMT-0000,10.582,10.568,0.0045,0.0189
02.01.2018 14:50:39.328 GMT-0000,10.582,10.567,0.0075,0.0183
02.01.2018 14:50:39.869 GMT-0000,10.582,10.568,0.0197,0.0032
02.01.2018 14:50:42.133 GMT-0000,10.582,10.567,0.0075,0.0168
02.01.2018 14:50:42.815 GMT-0000,10.582,10.568,0.0196,0.002
02.01.2018 14:50:43.712 GMT-0000,10.577,10.567,0.0075,0.0013
02.01.2018 14:50:45.400 GMT-0000,10.577,10.568,0.0075,0.0008
02.01.2018 14:50:45.918 GMT-0000,10.577,10.567,0.0075,0.0045
02.01.2018 14:50:46.521 GMT-0000,10.577,10.568,0.0075,0.0022
02.01.2018 14:50:49.012 GMT-0000,10.582,10.568,0.0161,0.0129
02.01.2018 14:50:51.512 GMT-0000,10.583,10.568,0.0156,0.0075
02.01.2018 14:50:52.307 GMT-0000,10.582,10.568,0.0042,0.0165
02.01.2018 14:50:53.054 GMT-0000,10.582,10.569,0.0042,0.0075
02.01.2018 14:50:57.712 GMT-0000,10.582,10.57,0.0149,0.0075
02.01.2018 14:51:12.912 GMT-0000,10.583,10.568,0.0155,0.0075
02.01.2018 14:51:16.312 GMT-0000,10.582,10.568,0.0045,0.0188
02.01.2018 14:51:17.995 GMT-0000,10.583,10.568,0.016,0.0075
02.01.2018 14:51:22.074 GMT-0000,10.582,10.568,0.0045,0.0187
02.01.2018 14:51:24.826 GMT-0000,10.583,10.568,0.016,0.0075
02.01.2018 14:51:26.161 GMT-0000,10.582,10.568,0.0045,0.0188
02.01.2018 14:51:27.400 GMT-0000,10.583,10.568,0.0181,0.0075
02.01.2018 14:51:28.101 GMT-0000,10.582,10.568,0.0075,0.0075
02.01.2018 14:51:28.894 GMT-0000,10.582,10.569,0.0075,0.0075
02.01.2018 14:51:29.913 GMT-0000,10.582,10.568,0.0052,0.0054
02.01.2018 14:51:30.945 GMT-0000,10.583,10.567,0.0207,0.0172
02.01.2018 14:51:31.512 GMT-0000,10.582,10.568,0.0058,0.0053
02.01.2018 14:51:32.318 GMT-0000,10.583,10.568,0.0168,0.0075
02.01.2018 14:51:33.147 GMT-0000,10.583,10.567,0.0176,0.0189
02.01.2018 14:51:36.449 GMT-0000,10.582,10.568,0.0059,0.0066
02.01.2018 14:51:36.830 GMT-0000,10.573,10.558,0.0215,0.0075
02.01.2018 14:51:37.793 GMT-0000,10.572000000000001,10.558,0.0113,0.0184
02.01.2018 14:51:39.119 GMT-0000,10.572000000000001,10.557,0.0075,0.0181
02.01.2018 14:51:39.975 GMT-0000,10.573,10.568,0.0075,0.0119
02.01.2018 14:51:40.026 GMT-0000,10.578,10.568,0.0075,0.0235
02.01.2018 14:51:41.015 GMT-0000,10.582,10.567,0.0075,0.0192
02.01.2018 14:51:42.112 GMT-0000,10.583,10.567,0.0201,0.0184
02.01.2018 14:51:43.001 GMT-0000,10.582,10.568,0.0083,0.0061
02.01.2018 14:51:44.404 GMT-0000,10.582,10.567,0.0075,0.0128
02.01.2018 14:51:45.214 GMT-0000,10.579,10.568,0.0075,0.0075
02.01.2018 14:51:47.313 GMT-0000,10.579,10.567,0.0075,0.0128
02.01.2018 14:51:49.053 GMT-0000,10.579,10.568,0.0075,0.0023
02.01.2018 14:51:52.519 GMT-0000,10.581,10.568,0.0075,0.0023
02.01.2018 14:51:53.178 GMT-0000,10.581,10.567,0.0075,0.0147
02.01.2018 14:51:53.842 GMT-0000,10.581,10.568,0.0075,0.0069
02.01.2018 14:51:54.364 GMT-0000,10.581,10.567,0.0075,0.0197
02.01.2018 14:51:55.643 GMT-0000,10.583,10.567,0.0208,0.0201
02.01.2018 14:51:56.281 GMT-0000,10.582,10.568,0.0111,0.0073
02.01.2018 14:51:56.964 GMT-0000,10.582,10.567,0.0075,0.0199
02.01.2018 14:51:58.214 GMT-0000,10.582,10.568,0.0249,0.0042
02.01.2018 14:51:58.814 GMT-0000,10.579,10.568,0.0075,0.0132
02.01.2018 14:52:03.538 GMT-0000,10.573,10.562000000000001,0.0217,0.0075
02.01.2018 14:52:04.201 GMT-0000,10.572000000000001,10.562000000000001,0.0103,0.0075
02.01.2018 14:52:05.152 GMT-0000,10.571,10.557,0.0075,0.0139
02.01.2018 14:52:05.784 GMT-0000,10.571,10.558,0.0075,0.0019
02.01.2018 14:52:06.504 GMT-0000,10.571,10.557,0.0075,0.0129
02.01.2018 14:52:07.028 GMT-0000,10.57,10.558,0.0075,0.0022
02.01.2018 14:52:07.613 GMT-0000,10.571,10.558,0.0075,0.0129
02.01.2018 14:52:14.587 GMT-0000,10.571,10.557,0.0075,0.0137
02.01.2018 14:52:17.357 GMT-0000,10.572000000000001,10.558,0.0201,0.0139
02.01.2018 14:52:18.412 GMT-0000,10.572000000000001,10.557,0.0075,0.0177
02.01.2018 14:52:19.413 GMT-0000,10.571,10.557,0.0075,0.0141
02.01.2018 14:52:20.753 GMT-0000,10.571,10.558,0.0075,0.003
02.01.2018 14:52:23.238 GMT-0000,10.571,10.557,0.0075,0.0125
02.01.2018 14:52:23.826 GMT-0000,10.569,10.558,0.0075,0.0125
02.01.2018 14:52:30.504 GMT-0000,10.567,10.558,0.0075,0.0011
02.01.2018 14:52:30.642 GMT-0000,10.56,10.548,0.0075,0.0183
02.01.2018 14:52:31.613 GMT-0000,10.559000000000001,10.548,0.0075,0.0124
02.01.2018 14:52:32.714 GMT-0000,10.558,10.548,0.0075,0.0122
02.01.2018 14:52:33.813 GMT-0000,10.561,10.548,0.0075,0.0173
02.01.2018 14:52:34.913 GMT-0000,10.56,10.547,0.0075,0.0128
02.01.2018 14:52:39.740 GMT-0000,10.56,10.548,0.0075,0.0021
02.01.2018 14:52:41.197 GMT-0000,10.56,10.547,0.0075,0.0161
02.01.2018 14:52:42.761 GMT-0000,10.56,10.548,0.0075,0.0175
02.01.2018 14:52:43.023 GMT-0000,10.562000000000001,10.557,0.0075,0.0079
02.01.2018 14:52:43.124 GMT-0000,10.571,10.558,0.0075,0.0205
02.01.2018 14:52:44.113 GMT-0000,10.572000000000001,10.558,0.0077,0.008
02.01.2018 14:52:45.174 GMT-0000,10.573,10.557,0.0183,0.0197
02.01.2018 14:52:46.240 GMT-0000,10.571,10.558,0.0075,0.0157
02.01.2018 14:52:54.021 GMT-0000,10.572000000000001,10.558,0.018,0.0157
02.01.2018 14:52:55.561 GMT-0000,10.572000000000001,10.557,0.0075,0.0157
02.01.2018 14:52:56.113 GMT-0000,10.572000000000001,10.558,0.0133,0.0061
02.01.2018 14:52:56.663 GMT-0000,10.572000000000001,10.559000000000001,0.0022,0.0075
02.01.2018 14:52:57.590 GMT-0000,10.573,10.559000000000001,0.0132,0.0075
02.01.2018 14:52:58.712 GMT-0000,10.572000000000001,10.559000000000001,0.0137,0.0075
02.01.2018 14:52:59.714 GMT-0000,10.572000000000001,10.56,0.0075,0.0075
02.01.2018 14:53:01.711 GMT-0000,10.573,10.56,0.0124,0.0075
02.01.2018 14:53:02.270 GMT-0000,10.572000000000001,10.56,0.0018,0.0075
02.01.2018 14:53:03.053 GMT-0000,10.573,10.56,0.0126,0.0075
02.01.2018 14:53:04.536 GMT-0000,10.572000000000001,10.56,0.001,0.0075
02.01.2018 14:53:05.591 GMT-0000,10.572000000000001,10.561,0.0009,0.0075
02.01.2018 14:53:06.122 GMT-0000,10.573,10.561,0.0116,0.0075
02.01.2018 14:53:06.872 GMT-0000,10.572000000000001,10.561,0.0012,0.0075
02.01.2018 14:53:08.248 GMT-0000,10.573,10.561,0.0121,0.0075
02.01.2018 14:53:08.865 GMT-0000,10.572000000000001,10.562000000000001,0.0016,0.0075
02.01.2018 14:53:08.915 GMT-0000,10.573,10.568,0.0016,0.0075
02.01.2018 14:53:09.036 GMT-0000,10.578,10.568,0.0075,0.0075
02.01.2018 14:53:09.913 GMT-0000,10.583,10.567,0.0181,0.0177
02.01.2018 14:53:10.691 GMT-0000,10.582,10.568,0.0061,0.006
02.01.2018 14:53:11.540 GMT-0000,10.583,10.567,0.0183,0.0177
02.01.2018 14:53:12.948 GMT-0000,10.581,10.568,0.0075,0.0075
02.01.2018 14:53:14.011 GMT-0000,10.582,10.568,0.0064,0.0053
02.01.2018 14:53:15.013 GMT-0000,10.581,10.568,0.0075,0.0169
02.01.2018 14:53:16.112 GMT-0000,10.583,10.567,0.0175,0.0185
02.01.2018 14:53:16.731 GMT-0000,10.582,10.568,0.0057,0.0064
02.01.2018 14:53:18.033 GMT-0000,10.583,10.567,0.0192,0.0176
02.01.2018 14:53:19.358 GMT-0000,10.582,10.568,0.0064,0.0058
02.01.2018 14:53:19.903 GMT-0000,10.583,10.567,0.0177,0.0187
02.01.2018 14:53:21.937 GMT-0000,10.582,10.568,0.0059,0.0059
02.01.2018 14:53:22.739 GMT-0000,10.583,10.567,0.0179,0.0187
02.01.2018 14:53:23.283 GMT-0000,10.582,10.568,0.0059,0.0062
02.01.2018 14:53:23.792 GMT-0000,10.583,10.567,0.0181,0.0183
02.01.2018 14:53:24.876 GMT-0000,10.582,10.568,0.0107,0.0024
02.01.2018 14:53:27.788 GMT-0000,10.579,10.567,0.0075,0.0114
02.01.2018 14:53:27.888 GMT-0000,10.572000000000001,10.558,0.0071,0.0175
02.01.2018 14:53:28.483 GMT-0000,10.573,10.558,0.0109,0.0075
02.01.2018 14:53:29.012 GMT-0000,10.573,10.561,0.0109,0.0075
02.01.2018 14:53:29.953 GMT-0000,10.573,10.562000000000001,0.011,0.0075
02.01.2018 14:53:30.902 GMT-0000,10.573,10.568,0.0075,0.0008
02.01.2018 14:53:31.449 GMT-0000,10.578,10.568,0.0075,0.0117
02.01.2018 14:53:31.985 GMT-0000,10.581,10.568,0.0075,0.0013
02.01.2018 14:53:33.012 GMT-0000,10.58,10.568,0.0075,0.0036
02.01.2018 14:53:34.037 GMT-0000,10.58,10.567,0.0075,0.0123
02.01.2018 14:53:35.013 GMT-0000,10.581,10.567,0.0075,0.0155
02.01.2018 14:53:35.743 GMT-0000,10.581,10.568,0.0075,0.0046
02.01.2018 14:53:36.563 GMT-0000,10.581,10.567,0.0075,0.0127
02.01.2018 14:53:37.111 GMT-0000,10.58,10.567,0.0075,0.0127
02.01.2018 14:53:37.734 GMT-0000,10.58,10.568,0.0075,0.0019
02.01.2018 14:53:38.785 GMT-0000,10.578,10.568,0.0075,0.0125
02.01.2018 14:53:39.337 GMT-0000,10.58,10.567,0.0075,0.0128
02.01.2018 14:53:41.235 GMT-0000,10.58,10.568,0.0075,0.0022
02.01.2018 14:53:42.794 GMT-0000,10.58,10.567,0.0075,0.013
02.01.2018 14:53:43.767 GMT-0000,10.58,10.568,0.0075,0.0022
02.01.2018 14:53:44.872 GMT-0000,10.58,10.567,0.0075,0.013
02.01.2018 14:53:46.324 GMT-0000,10.58,10.568,0.0075,0.0023
02.01.2018 14:53:46.861 GMT-0000,10.58,10.567,0.0075,0.0167
02.01.2018 14:53:47.513 GMT-0000,10.58,10.568,0.0075,0.0139
02.01.2018 14:53:48.514 GMT-0000,10.582,10.567,0.0075,0.0179
02.01.2018 14:53:49.400 GMT-0000,10.582,10.568,0.0229,0.0059
02.01.2018 14:53:50.236 GMT-0000,10.582,10.567,0.0075,0.0179
02.01.2018 14:53:52.075 GMT-0000,10.579,10.568,0.0075,0.0172
02.01.2018 14:53:52.745 GMT-0000,10.58,10.568,0.0075,0.0075
02.01.2018 14:53:53.812 GMT-0000,10.58,10.567,0.0075,0.0139
02.01.2018 14:53:54.608 GMT-0000,10.58,10.568,0.0075,0.0029
02.01.2018 14:53:55.420 GMT-0000,10.581,10.567,0.0075,0.0171
02.01.2018 14:53:57.013 GMT-0000,10.582,10.567,0.0075,0.0171
02.01.2018 14:53:58.110 GMT-0000,10.58,10.568,0.0075,0.0171
02.01.2018 14:53:59.112 GMT-0000,10.582,10.567,0.0075,0.0176
02.01.2018 14:53:59.618 GMT-0000,10.582,10.568,0.0203,0.0057
02.01.2018 14:54:00.622 GMT-0000,10.582,10.567,0.0075,0.0176
02.01.2018 14:54:01.474 GMT-0000,10.582,10.568,0.0241,0.0062
02.01.2018 14:54:02.317 GMT-0000,10.582,10.567,0.0075,0.0183
02.01.2018 14:54:02.745 GMT-0000,10.571,10.558,0.0075,0.0047
02.01.2018 14:54:03.696 GMT-0000,10.571,10.557,0.0075,0.0118
02.01.2018 14:54:04.702 GMT-0000,10.569,10.558,0.0075,0.0047
02.01.2018 14:54:05.267 GMT-0000,10.57,10.558,0.0075,0.002
02.01.2018 14:54:06.011 GMT-0000,10.572000000000001,10.557,0.0075,0.0171
02.01.2018 14:54:07.455 GMT-0000,10.572000000000001,10.558,0.0075,0.0075
02.01.2018 14:54:12.488 GMT-0000,10.572000000000001,10.557,0.0075,0.0171
02.01.2018 14:54:13.578 GMT-0000,10.572000000000001,10.559000000000001,0.0196,0.0075
02.01.2018 14:54:16.013 GMT-0000,10.572000000000001,10.56,0.0075,0.0075
02.01.2018 14:54:21.814 GMT-0000,10.572000000000001,10.561,0.0148,0.0075
02.01.2018 14:54:26.006 GMT-0000,10.58,10.568,0.0075,0.0197
02.01.2018 14:54:27.039 GMT-0000,10.582,10.568,0.0228,0.0207
02.01.2018 14:54:33.015 GMT-0000,10.582,10.567,0.0075,0.0191
02.01.2018 14:54:36.300 GMT-0000,10.582,10.568,0.0075,0.0075
02.01.2018 14:54:39.494 GMT-0000,10.582,10.567,0.0075,0.0197
02.01.2018 14:54:40.077 GMT-0000,10.582,10.568,0.0209,0.0073
02.01.2018 14:54:40.955 GMT-0000,10.582,10.567,0.0075,0.0191
02.01.2018 14:54:41.512 GMT-0000,10.579,10.568,0.0075,0.0075
02.01.2018 14:54:58.907 GMT-0000,10.578,10.568,0.0075,0.0075
02.01.2018 14:55:07.081 GMT-0000,10.58,10.568,0.0075,0.0028
02.01.2018 14:55:07.799 GMT-0000,10.58,10.567,0.0075,0.0137
02.01.2018 14:55:08.517 GMT-0000,10.579,10.568,0.0075,0.0052
02.01.2018 14:55:12.142 GMT-0000,10.579,10.567,0.0075,0.0132
02.01.2018 14:55:12.920 GMT-0000,10.579,10.568,0.0075,0.0024
02.01.2018 14:55:14.536 GMT-0000,10.58,10.568,0.0075,0.0057
02.01.2018 14:55:15.217 GMT-0000,10.58,10.567,0.0075,0.0175
02.01.2018 14:55:15.739 GMT-0000,10.58,10.568,0.0075,0.0054
02.01.2018 14:55:16.613 GMT-0000,10.578,10.568,0.0075,0.0172
02.01.2018 14:55:20.758 GMT-0000,10.579,10.568,0.0075,0.0137
02.01.2018 14:55:27.850 GMT-0000,10.579,10.567,0.0075,0.0177
02.01.2018 14:55:28.577 GMT-0000,10.58,10.568,0.0075,0.0026
02.01.2018 14:55:29.378 GMT-0000,10.578,10.568,0.0075,0.0135
02.01.2018 14:55:31.571 GMT-0000,10.579,10.568,0.0075,0.0135
02.01.2018 14:55:33.716 GMT-0000,10.579,10.567,0.0075,0.0126
02.01.2018 14:55:35.427 GMT-0000,10.579,10.568,0.0075,0.0057
02.01.2018 14:55:36.672 GMT-0000,10.579,10.567,0.0075,0.0171
02.01.2018 14:55:39.689 GMT-0000,10.579,10.568,0.0075,0.0021
02.01.2018 14:55:46.677 GMT-0000,10.579,10.567,0.0075,0.0128
02.01.2018 14:55:47.150 GMT-0000,10.573,10.567,0.0102,0.0075
02.01.2018 14:55:47.442 GMT-0000,10.573,10.561,0.0317,0.0075
02.01.2018 14:55:48.516 GMT-0000,10.571,10.557,0.0075,0.0193
02.01.2018 14:55:49.578 GMT-0000,10.571,10.558,0.0075,0.0068
02.01.2018 14:55:50.125 GMT-0000,10.571,10.557,0.0075,0.0189
02.01.2018 14:55:51.456 GMT-0000,10.571,10.558,0.0075,0.0061
02.01.2018 14:55:52.044 GMT-0000,10.571,10.557,0.0075,0.018
02.01.2018 14:55:52.908 GMT-0000,10.569,10.558,0.0075,0.0075
02.01.2018 14:55:54.603 GMT-0000,10.571,10.557,0.0075,0.018
02.01.2018 14:55:55.964 GMT-0000,10.571,10.558,0.0075,0.006
02.01.2018 14:55:59.493 GMT-0000,10.571,10.557,0.0075,0.018
02.01.2018 14:56:02.003 GMT-0000,10.569,10.557,0.0075,0.0181
02.01.2018 14:56:03.420 GMT-0000,10.569,10.558,0.0075,0.0023
02.01.2018 14:56:04.078 GMT-0000,10.569,10.557,0.0075,0.013
02.01.2018 14:56:05.013 GMT-0000,10.569,10.558,0.0075,0.0149
02.01.2018 14:56:12.304 GMT-0000,10.562000000000001,10.552999999999999,0.0075,0.0075
02.01.2018 14:56:13.353 GMT-0000,10.561,10.547,0.0075,0.0199
02.01.2018 14:56:14.313 GMT-0000,10.558,10.548,0.0075,0.0128
02.01.2018 14:56:16.413 GMT-0000,10.559000000000001,10.548,0.0075,0.0075
02.01.2018 14:56:17.512 GMT-0000,10.558,10.548,0.0075,0.0075
02.01.2018 14:56:23.561 GMT-0000,10.561,10.547,0.0075,0.0129
02.01.2018 14:56:24.684 GMT-0000,10.558,10.548,0.0075,0.0129
02.01.2018 14:56:26.712 GMT-0000,10.561,10.548,0.0075,0.0051
02.01.2018 14:56:27.231 GMT-0000,10.561,10.547,0.0075,0.0129
02.01.2018 14:56:28.309 GMT-0000,10.559000000000001,10.548,0.0075,0.0065
02.01.2018 14:56:28.874 GMT-0000,10.56,10.548,0.0075,0.0075
02.01.2018 14:56:29.713 GMT-0000,10.558,10.548,0.0075,0.0075
02.01.2018 14:56:30.813 GMT-0000,10.56,10.548,0.0075,0.0181
02.01.2018 14:56:32.066 GMT-0000,10.56,10.547,0.0075,0.0172
02.01.2018 14:56:34.112 GMT-0000,10.559000000000001,10.547,0.0075,0.0129
02.01.2018 14:56:36.913 GMT-0000,10.559000000000001,10.548,0.0075,0.0022
02.01.2018 14:56:42.942 GMT-0000,10.56,10.548,0.0075,0.0049
02.01.2018 14:56:43.807 GMT-0000,10.56,10.547,0.0075,0.0132
02.01.2018 14:56:45.694 GMT-0000,10.56,10.548,0.0075,0.0069
02.01.2018 14:56:47.075 GMT-0000,10.562000000000001,10.547,0.0075,0.0132
02.01.2018 14:56:48.085 GMT-0000,10.559000000000001,10.548,0.0075,0.0075
02.01.2018 14:56:48.974 GMT-0000,10.552000000000001,10.547,0.0129,0.0075
02.01.2018 14:56:49.354 GMT-0000,10.552000000000001,10.538,0.0389,0.0041
02.01.2018 14:56:49.956 GMT-0000,10.552000000000001,10.537,0.0075,0.0124
02.01.2018 14:56:50.612 GMT-0000,10.548,10.538,0.0075,0.0123
02.01.2018 14:56:51.527 GMT-0000,10.548,10.537,0.0075,0.0108
02.01.2018 14:56:52.138 GMT-0000,10.548,10.538,0.0075,0.0027
02.01.2018 14:56:52.685 GMT-0000,10.549000000000001,10.537,0.0075,0.0136
02.01.2018 14:56:53.942 GMT-0000,10.549000000000001,10.538,0.0075,0.0059
02.01.2018 14:57:06.989 GMT-0000,10.551,10.537,0.0075,0.0193
02.01.2018 14:57:08.014 GMT-0000,10.549000000000001,10.538,0.0075,0.0075
02.01.2018 14:57:11.212 GMT-0000,10.548,10.538,0.0075,0.0147
02.01.2018 14:57:13.522 GMT-0000,10.548,10.537,0.0075,0.0129
02.01.2018 14:57:14.143 GMT-0000,10.548,10.538,0.0075,0.001
02.01.2018 14:57:15.293 GMT-0000,10.549000000000001,10.537,0.0075,0.0126
02.01.2018 14:57:16.313 GMT-0000,10.547,10.538,0.0075,0.0075
02.01.2018 14:57:19.572 GMT-0000,10.548,10.538,0.0075,0.0075
02.01.2018 14:57:20.514 GMT-0000,10.547,10.538,0.0075,0.0075
02.01.2018 14:57:21.514 GMT-0000,10.551,10.538,0.0075,0.0085
02.01.2018 14:57:23.453 GMT-0000,10.551,10.537,0.0075,0.0219
02.01.2018 14:57:24.129 GMT-0000,10.552999999999999,10.547,0.0162,0.0075
02.01.2018 14:57:24.181 GMT-0000,10.559000000000001,10.547,0.0075,0.0276
02.01.2018 14:57:24.282 GMT-0000,10.563,10.558,0.0075,0.0092
02.01.2018 14:57:24.672 GMT-0000,10.572000000000001,10.559000000000001,0.0075,0.0075
02.01.2018 14:57:25.714 GMT-0000,10.568,10.558,0.0075,0.0075
02.01.2018 14:57:28.339 GMT-0000,10.57,10.557,0.0075,0.0119
02.01.2018 14:57:29.503 GMT-0000,10.57,10.558,0.0075,0.0014
02.01.2018 14:57:30.322 GMT-0000,10.571,10.558,0.0075,0.0161
02.01.2018 14:57:32.172 GMT-0000,10.571,10.557,0.0075,0.0168
02.01.2018 14:57:35.137 GMT-0000,10.571,10.558,0.0075,0.0181
02.01.2018 14:57:36.112 GMT-0000,10.57,10.558,0.0075,0.0075
02.01.2018 14:57:39.213 GMT-0000,10.573,10.558,0.0172,0.0075
02.01.2018 14:57:40.312 GMT-0000,10.571,10.558,0.0075,0.0075
02.01.2018 14:57:43.913 GMT-0000,10.571,10.557,0.0075,0.0137
02.01.2018 14:57:44.829 GMT-0000,10.571,10.558,0.0075,0.0055
02.01.2018 14:57:46.053 GMT-0000,10.571,10.557,0.0075,0.0137
02.01.2018 14:57:47.425 GMT-0000,10.571,10.558,0.0075,0.0029
02.01.2018 14:57:49.153 GMT-0000,10.572000000000001,10.558,0.0049,0.0029
02.01.2018 14:57:50.114 GMT-0000,10.57,10.558,0.0075,0.0075
02.01.2018 14:57:50.932 GMT-0000,10.562000000000001,10.551,0.0118,0.0075
02.01.2018 14:57:51.909 GMT-0000,10.561,10.547,0.0075,0.0131
02.01.2018 14:57:52.586 GMT-0000,10.561,10.548,0.0075,0.0065
02.01.2018 14:57:53.423 GMT-0000,10.562000000000001,10.547,0.0075,0.0193
02.01.2018 14:57:53.928 GMT-0000,10.562000000000001,10.549000000000001,0.0075,0.0075
02.01.2018 14:57:58.213 GMT-0000,10.562000000000001,10.55,0.0147,0.0075
02.01.2018 14:58:10.359 GMT-0000,10.562000000000001,10.551,0.0144,0.0075
02.01.2018 14:58:12.462 GMT-0000,10.562000000000001,10.55,0.014,0.0075
02.01.2018 14:58:13.354 GMT-0000,10.563,10.558,0.0075,0.0206
02.01.2018 14:58:13.405 GMT-0000,10.569,10.557,0.0075,0.0223
02.01.2018 14:58:13.937 GMT-0000,10.569,10.558,0.0075,0.0068
02.01.2018 14:58:15.827 GMT-0000,10.572000000000001,10.558,0.0185,0.0191
02.01.2018 14:58:19.793 GMT-0000,10.572000000000001,10.559000000000001,0.006,0.0075
02.01.2018 14:58:20.814 GMT-0000,10.572000000000001,10.557,0.0075,0.0164
02.01.2018 14:58:23.315 GMT-0000,10.572000000000001,10.558,0.0141,0.006
02.01.2018 14:58:24.411 GMT-0000,10.572000000000001,10.559000000000001,0.0031,0.0075
02.01.2018 14:58:24.957 GMT-0000,10.573,10.559000000000001,0.0141,0.0075
02.01.2018 14:58:26.376 GMT-0000,10.572000000000001,10.559000000000001,0.0033,0.0075
02.01.2018 14:58:27.505 GMT-0000,10.572000000000001,10.558,0.0069,0.0043
02.01.2018 14:58:28.067 GMT-0000,10.573,10.557,0.0193,0.0161
02.01.2018 14:58:28.670 GMT-0000,10.571,10.558,0.0075,0.0075
02.01.2018 14:58:29.616 GMT-0000,10.573,10.558,0.0144,0.0075
02.01.2018 14:58:30.904 GMT-0000,10.572000000000001,10.558,0.003,0.0193
02.01.2018 14:58:31.814 GMT-0000,10.572000000000001,10.56,0.0075,0.0075
02.01.2018 14:58:39.345 GMT-0000,10.573,10.557,0.0196,0.0164
02.01.2018 14:58:40.173 GMT-0000,10.572000000000001,10.558,0.0056,0.0057
02.01.2018 14:58:44.231 GMT-0000,10.572000000000001,10.559000000000001,0.0033,0.0075
02.01.2018 14:58:45.311 GMT-0000,10.573,10.558,0.0144,0.0075
02.01.2018 14:58:46.097 GMT-0000,10.572000000000001,10.558,0.0033,0.0176
02.01.2018 14:58:47.437 GMT-0000,10.573,10.558,0.0155,0.0075
02.01.2018 14:58:52.170 GMT-0000,10.572000000000001,10.558,0.0039,0.0219
02.01.2018 14:58:53.046 GMT-0000,10.572000000000001,10.559000000000001,0.0039,0.0075
02.01.2018 14:58:55.229 GMT-0000,10.573,10.559000000000001,0.0152,0.0075
02.01.2018 14:58:56.082 GMT-0000,10.578,10.568,0.0075,0.0208
02.01.2018 14:58:57.056 GMT-0000,10.579,10.568,0.0075,0.0183
02.01.2018 14:59:15.573 GMT-0000,10.582,10.577,0.0075,0.0096
02.01.2018 14:59:15.877 GMT-0000,10.592,10.577,0.0075,0.0269
02.01.2018 14:59:16.646 GMT-0000,10.592,10.578,0.0155,0.0129
02.01.2018 14:59:45.503 GMT-0000,10.582,10.577,0.0075,0.0037
02.01.2018 14:59:45.553 GMT-0000,10.582,10.571,0.0216,0.0075
02.01.2018 14:59:46.549 GMT-0000,10.579,10.568,0.0075,0.0026
02.01.2018 14:59:47.146 GMT-0000,10.572000000000001,10.558,0.0075,0.0075
02.01.2018 14:59:48.111 GMT-0000,10.57,10.558,0.0075,0.0168
02.01.2018 14:59:49.112 GMT-0000,10.571,10.558,0.0075,0.0171
02.01.2018 14:59:53.886 GMT-0000,10.57,10.558,0.0075,0.0075
02.01.2018 14:59:55.245 GMT-0000,10.571,10.558,0.0075,0.0075
02.01.2018 14:59:56.314 GMT-0000,10.572000000000001,10.562000000000001,0.0115,0.0075
02.01.2018 14:59:57.418 GMT-0000,10.572000000000001,10.563,0.0108,0.0075
02.01.2018 14:59:59.511 GMT-0000,10.572000000000001,10.561,0.0017,0.0075
02.01.2018 15:00:00.082 GMT-0000,10.573,10.561,0.0075,0.0075
02.01.2018 15:00:00.132 GMT-0000,10.573,10.567,0.0075,0.0071
02.01.2018 15:00:00.322 GMT-0000,10.582,10.568,0.0201,0.0028
02.01.2018 15:00:01.117 GMT-0000,10.581,10.568,0.0075,0.0029
02.01.2018 15:00:03.242 GMT-0000,10.582,10.568,0.007,0.0067
02.01.2018 15:00:05.097 GMT-0000,10.583,10.568,0.0124,0.0075
02.01.2018 15:00:05.627 GMT-0000,10.582,10.571,0.0132,0.0075
02.01.2018 15:00:06.411 GMT-0000,10.582,10.568,0.0193,0.0209
02.01.2018 15:00:07.413 GMT-0000,10.581,10.568,0.0075,0.0034
02.01.2018 15:00:08.190 GMT-0000,10.581,10.567,0.0075,0.0173
02.01.2018 15:00:08.989 GMT-0000,10.582,10.569,0.0122,0.0075
02.01.2018 15:00:09.612 GMT-0000,10.582,10.57,0.0016,0.0075
02.01.2018 15:00:10.113 GMT-0000,10.583,10.57,0.0169,0.0075
02.01.2018 15:00:10.614 GMT-0000,10.581,10.568,0.0075,0.0075
02.01.2018 15:00:15.316 GMT-0000,10.583,10.568,0.0159,0.0075
02.01.2018 15:00:16.497 GMT-0000,10.582,10.568,0.0019,0.0185
02.01.2018 15:00:19.732 GMT-0000,10.582,10.57,0.0019,0.0075
02.01.2018 15:00:20.712 GMT-0000,10.583,10.568,0.0126,0.0075
02.01.2018 15:00:21.548 GMT-0000,10.582,10.568,0.0049,0.0144
02.01.2018 15:00:22.905 GMT-0000,10.581,10.568,0.0075,0.0157
02.01.2018 15:00:23.114 GMT-0000,10.583,10.578,0.0075,0.0075
02.01.2018 15:00:23.225 GMT-0000,10.587000000000002,10.578,0.0075,0.0149
02.01.2018 15:00:24.217 GMT-0000,10.591,10.578,0.0075,0.0157
02.01.2018 15:00:25.312 GMT-0000,10.592,10.578,0.0052,0.0051
02.01.2018 15:00:26.374 GMT-0000,10.583,10.57,0.0145,0.0075
02.01.2018 15:00:27.358 GMT-0000,10.582,10.57,0.0038,0.0075
02.01.2018 15:00:27.893 GMT-0000,10.582,10.568,0.0153,0.0019
02.01.2018 15:00:28.416 GMT-0000,10.581,10.568,0.0075,0.0019
02.01.2018 15:00:30.343 GMT-0000,10.582,10.567,0.0075,0.0133
02.01.2018 15:00:31.720 GMT-0000,10.582,10.568,0.0153,0.0046
02.01.2018 15:00:32.870 GMT-0000,10.582,10.567,0.0075,0.0133
02.01.2018 15:00:33.511 GMT-0000,10.581,10.567,0.0075,0.0133
02.01.2018 15:00:34.513 GMT-0000,10.583,10.567,0.0177,0.0189
02.01.2018 15:00:35.512 GMT-0000,10.583,10.569,0.0137,0.0075
02.01.2018 15:00:36.427 GMT-0000,10.582,10.569,0.0029,0.0075
02.01.2018 15:00:39.027 GMT-0000,10.583,10.569,0.0139,0.0075
02.01.2018 15:00:40.759 GMT-0000,10.582,10.569,0.0029,0.0075
02.01.2018 15:00:41.398 GMT-0000,10.583,10.569,0.0176,0.0075
02.01.2018 15:00:42.243 GMT-0000,10.582,10.569,0.0061,0.0075
02.01.2018 15:00:43.889 GMT-0000,10.583,10.569,0.0171,0.0075
02.01.2018 15:00:45.576 GMT-0000,10.582,10.569,0.0008,0.0075
02.01.2018 15:00:46.159 GMT-0000,10.582,10.573,0.0105,0.0075
02.01.2018 15:00:46.209 GMT-0000,10.588,10.578,0.0075,0.0075
02.01.2018 15:00:47.213 GMT-0000,10.592,10.578,0.0046,0.0068
02.01.2018 15:00:48.568 GMT-0000,10.593,10.577,0.02,0.0183
02.01.2018 15:00:49.882 GMT-0000,10.592,10.578,0.0052,0.0062
02.01.2018 15:00:51.346 GMT-0000,10.593,10.577,0.0169,0.0183
02.01.2018 15:00:52.033 GMT-0000,10.592,10.578,0.0052,0.0062
02.01.2018 15:00:54.657 GMT-0000,10.593,10.577,0.0209,0.0155
02.01.2018 15:00:55.735 GMT-0000,10.592,10.578,0.0171,0.0041
02.01.2018 15:00:56.920 GMT-0000,10.592,10.577,0.0075,0.0197
02.01.2018 15:00:59.642 GMT-0000,10.592,10.578,0.0161,0.008
02.01.2018 15:01:12.303 GMT-0000,10.592,10.577,0.0075,0.0181
02.01.2018 15:01:13.313 GMT-0000,10.59,10.578,0.0075,0.0075
02.01.2018 15:01:14.412 GMT-0000,10.589,10.578,0.0075,0.0133
02.01.2018 15:01:15.539 GMT-0000,10.591,10.578,0.0075,0.0025
02.01.2018 15:01:16.404 GMT-0000,10.591,10.577,0.0075,0.0133
02.01.2018 15:01:18.120 GMT-0000,10.59,10.578,0.0075,0.0075
02.01.2018 15:01:21.949 GMT-0000,10.59,10.577,0.0075,0.0075
02.01.2018 15:01:22.098 GMT-0000,10.582,10.569,0.0201,0.0075
02.01.2018 15:01:23.062 GMT-0000,10.581,10.568,0.0075,0.0075
02.01.2018 15:01:30.068 GMT-0000,10.581,10.567,0.0075,0.0149
02.01.2018 15:01:31.003 GMT-0000,10.581,10.568,0.0075,0.0063
02.01.2018 15:01:31.402 GMT-0000,10.583,10.578,0.008,0.0075
02.01.2018 15:01:32.418 GMT-0000,10.589,10.578,0.0075,0.0075
02.01.2018 15:01:34.513 GMT-0000,10.588,10.578,0.0075,0.0075
02.01.2018 15:01:35.612 GMT-0000,10.593,10.577,0.0172,0.0163
02.01.2018 15:01:36.612 GMT-0000,10.589,10.578,0.0075,0.0124
02.01.2018 15:01:38.759 GMT-0000,10.592,10.577,0.0075,0.0169
02.01.2018 15:01:39.428 GMT-0000,10.592,10.578,0.0169,0.0032
02.01.2018 15:01:40.430 GMT-0000,10.592,10.577,0.0075,0.0148
02.01.2018 15:01:41.045 GMT-0000,10.592,10.578,0.0172,0.0036
02.01.2018 15:01:41.913 GMT-0000,10.59,10.578,0.0075,0.0075
02.01.2018 15:01:42.914 GMT-0000,10.59,10.577,0.0075,0.0116
02.01.2018 15:01:44.285 GMT-0000,10.591,10.577,0.0075,0.0116
02.01.2018 15:01:46.003 GMT-0000,10.591,10.578,0.0075,0.0026
02.01.2018 15:01:49.291 GMT-0000,10.591,10.577,0.0075,0.0135
02.01.2018 15:01:51.576 GMT-0000,10.591,10.578,0.0075,0.0075
02.01.2018 15:01:52.421 GMT-0000,10.592,10.578,0.0061,0.0066
02.01.2018 15:01:54.607 GMT-0000,10.593,10.577,0.0172,0.0213
02.01.2018 15:01:55.493 GMT-0000,10.592,10.578,0.0055,0.0066
02.01.2018 15:01:56.392 GMT-0000,10.593,10.577,0.0212,0.0188
02.01.2018 15:01:57.072 GMT-0000,10.592,10.578,0.0055,0.0066
02.01.2018 15:01:57.721 GMT-0000,10.593,10.577,0.0216,0.0183
02.01.2018 15:01:58.340 GMT-0000,10.592,10.578,0.0092,0.0062
02.01.2018 15:01:58.842 GMT-0000,10.592,10.577,0.0075,0.0181
02.01.2018 15:02:00.714 GMT-0000,10.593,10.577,0.0189,0.0181
02.01.2018 15:02:03.059 GMT-0000,10.592,10.578,0.0092,0.0063
02.01.2018 15:02:05.112 GMT-0000,10.59,10.578,0.0075,0.0075
02.01.2018 15:02:06.212 GMT-0000,10.592,10.578,0.0185,0.0037
02.01.2018 15:02:07.210 GMT-0000,10.591,10.577,0.0075,0.0148
02.01.2018 15:02:08.211 GMT-0000,10.592,10.577,0.0075,0.0184
02.01.2018 15:02:09.389 GMT-0000,10.592,10.578,0.0181,0.0184
02.01.2018 15:02:11.594 GMT-0000,10.592,10.577,0.0075,0.0184
02.01.2018 15:02:12.411 GMT-0000,10.593,10.577,0.0184,0.0184
02.01.2018 15:02:12.933 GMT-0000,10.592,10.578,0.0088,0.0063
02.01.2018 15:02:13.557 GMT-0000,10.593,10.577,0.0225,0.0184
02.01.2018 15:02:15.014 GMT-0000,10.592,10.578,0.01,0.0051
02.01.2018 15:02:16.062 GMT-0000,10.592,10.577,0.0075,0.0168
02.01.2018 15:02:17.569 GMT-0000,10.592,10.578,0.0229,0.0025
02.01.2018 15:02:18.349 GMT-0000,10.589,10.578,0.0075,0.0075
02.01.2018 15:02:20.743 GMT-0000,10.591,10.578,0.0075,0.0044
02.01.2018 15:02:22.290 GMT-0000,10.59,10.578,0.0075,0.0044
02.01.2018 15:02:23.215 GMT-0000,10.592,10.577,0.0075,0.0169
02.01.2018 15:02:26.126 GMT-0000,10.592,10.578,0.0189,0.0056
02.01.2018 15:02:31.212 GMT-0000,10.591,10.578,0.0075,0.0075
02.01.2018 15:02:34.413 GMT-0000,10.592,10.578,0.0191,0.0175
02.01.2018 15:02:35.702 GMT-0000,10.592,10.577,0.0075,0.0175
02.01.2018 15:02:38.084 GMT-0000,10.59,10.578,0.0075,0.0075
02.01.2018 15:02:39.230 GMT-0000,10.592,10.578,0.0195,0.0052
02.01.2018 15:02:41.293 GMT-0000,10.593,10.587000000000002,0.0075,0.0061
02.01.2018 15:02:41.343 GMT-0000,10.602,10.587000000000002,0.0075,0.018
02.01.2018 15:02:42.067 GMT-0000,10.602,10.588,0.038,0.0019
02.01.2018 15:02:42.941 GMT-0000,10.599000000000002,10.588,0.0075,0.0019
02.01.2018 15:02:44.200 GMT-0000,10.599000000000002,10.587000000000002,0.0075,0.0125
02.01.2018 15:02:45.140 GMT-0000,10.6,10.588,0.0075,0.0026
02.01.2018 15:02:46.112 GMT-0000,10.599000000000002,10.587000000000002,0.0075,0.0133
