Local time,Ask,Bid,AskVolume,BidVolume
18.11.2019 14:30:00.210 GMT-0000,39.092,38.638000000000005,0.002,0.0008
18.11.2019 14:30:00.558 GMT-0000,39.092,38.598000000000006,0,0.0008
18.11.2019 14:30:01.313 GMT-0000,39.093,38.657,0.002,0.0008
18.11.2019 14:30:01.413 GMT-0000,39.092,38.598000000000006,0,0.0008
18.11.2019 14:30:01.464 GMT-0000,39.093,38.677,0.002,0.002
18.11.2019 14:30:01.514 GMT-0000,39.092,38.598000000000006,0.002,0.002
18.11.2019 14:30:02.337 GMT-0000,39.093,38.657,0.002,0.002
18.11.2019 14:30:02.388 GMT-0000,39.092,38.598000000000006,0,0.0008
18.11.2019 14:30:02.438 GMT-0000,39.092,38.658,0,0.0008
18.11.2019 14:30:02.488 GMT-0000,39.092,38.598000000000006,0.002,0.002
18.11.2019 14:30:02.580 GMT-0000,39.092,38.688,0.002,0.0008
18.11.2019 14:30:02.630 GMT-0000,39.092,38.598000000000006,0,0.0008
18.11.2019 14:30:02.690 GMT-0000,38.758,38.598000000000006,0,0.0008
18.11.2019 14:30:02.838 GMT-0000,39.092,38.658,0.002,0.002
18.11.2019 14:30:02.913 GMT-0000,38.803000000000004,38.658,0,0.0008
18.11.2019 14:30:03.016 GMT-0000,38.802,38.708000000000006,0,0.0008
18.11.2019 14:30:03.066 GMT-0000,38.802,38.688,0.002,0.002
18.11.2019 14:30:03.116 GMT-0000,38.763000000000005,38.687,0.002,0.002
18.11.2019 14:30:03.167 GMT-0000,38.763000000000005,38.667,0.002,0.002
18.11.2019 14:30:03.360 GMT-0000,38.752,38.688,0,0.0008
18.11.2019 14:30:03.515 GMT-0000,38.703,38.688,0,0.0008
18.11.2019 14:30:03.566 GMT-0000,38.711999999999996,38.668,0,0.0008
18.11.2019 14:30:03.667 GMT-0000,38.743,38.687,0.002,0.002
18.11.2019 14:30:03.719 GMT-0000,38.732,38.687,0,0.0008
18.11.2019 14:30:03.810 GMT-0000,38.732,38.668,0,0.0008
18.11.2019 14:30:03.860 GMT-0000,38.732,38.688,0,0.0008
18.11.2019 14:30:04.065 GMT-0000,38.732,38.698,0.002,0.0008
18.11.2019 14:30:04.528 GMT-0000,38.711999999999996,38.698,0,0.0008
18.11.2019 14:30:04.580 GMT-0000,38.713,38.687,0.002,0.002
18.11.2019 14:30:04.680 GMT-0000,38.723000000000006,38.687,0.002,0.002
18.11.2019 14:30:04.817 GMT-0000,38.713,38.687,0,0.002
18.11.2019 14:30:05.068 GMT-0000,38.702,38.687,0,0.0008
18.11.2019 14:30:05.119 GMT-0000,38.702,38.678000000000004,0.002,0.002
18.11.2019 14:30:05.307 GMT-0000,38.692,38.668,0,0.0008
18.11.2019 14:30:05.850 GMT-0000,38.693000000000005,38.688,0,0.0008
18.11.2019 14:30:05.901 GMT-0000,38.711999999999996,38.688,0,0.0008
18.11.2019 14:30:06.287 GMT-0000,38.693000000000005,38.688,0,0.0008
18.11.2019 14:30:06.338 GMT-0000,38.693000000000005,38.667,0.002,0.002
18.11.2019 14:30:06.851 GMT-0000,38.702,38.678000000000004,0,0.0008
18.11.2019 14:30:07.002 GMT-0000,38.693000000000005,38.667,0.002,0.002
18.11.2019 14:30:07.173 GMT-0000,38.673,38.667,0,0.0008
18.11.2019 14:30:07.223 GMT-0000,38.672,38.648,0,0.0008
18.11.2019 14:30:07.359 GMT-0000,38.673,38.647,0,0.002
18.11.2019 14:30:07.445 GMT-0000,38.682,38.648,0,0.0008
18.11.2019 14:30:07.752 GMT-0000,38.672,38.648,0,0.0008
18.11.2019 14:30:07.866 GMT-0000,38.663000000000004,38.647,0,0.002
18.11.2019 14:30:07.916 GMT-0000,38.662,38.638000000000005,0,0.0008
18.11.2019 14:30:08.459 GMT-0000,38.663000000000004,38.647,0.002,0.0008
18.11.2019 14:30:08.509 GMT-0000,38.663000000000004,38.637,0.002,0.002
18.11.2019 14:30:08.952 GMT-0000,38.652,38.638000000000005,0,0.002
18.11.2019 14:30:09.002 GMT-0000,38.641999999999996,38.598000000000006,0,0.0008
18.11.2019 14:30:09.115 GMT-0000,38.641999999999996,38.628,0,0.0008
18.11.2019 14:30:09.166 GMT-0000,38.653000000000006,38.637,0.002,0.002
18.11.2019 14:30:09.405 GMT-0000,38.652,38.638000000000005,0,0.0008
18.11.2019 14:30:09.552 GMT-0000,38.653000000000006,38.627,0.002,0.002
18.11.2019 14:30:09.608 GMT-0000,38.641999999999996,38.618,0,0.0008
18.11.2019 14:30:09.759 GMT-0000,38.652,38.628,0.002,0.002
18.11.2019 14:30:09.957 GMT-0000,38.652,38.638000000000005,0,0.0008
18.11.2019 14:30:10.007 GMT-0000,38.662,38.638000000000005,0,0.0008
18.11.2019 14:30:10.058 GMT-0000,38.652,38.638000000000005,0,0.0008
18.11.2019 14:30:10.218 GMT-0000,38.652,38.628,0,0.0008
18.11.2019 14:30:10.369 GMT-0000,38.653000000000006,38.627,0.002,0.002
18.11.2019 14:30:10.490 GMT-0000,38.653000000000006,38.637,0.002,0.0008
18.11.2019 14:30:10.641 GMT-0000,38.663000000000004,38.647,0,0.002
18.11.2019 14:30:10.691 GMT-0000,38.672,38.648,0,0.0008
18.11.2019 14:30:10.742 GMT-0000,38.692,38.678000000000004,0,0.0008
18.11.2019 14:30:10.792 GMT-0000,38.692,38.668,0,0.0008
18.11.2019 14:30:10.866 GMT-0000,38.683,38.667,0,0.002
18.11.2019 14:30:11.187 GMT-0000,38.672,38.667,0,0.0008
18.11.2019 14:30:11.249 GMT-0000,38.672,38.658,0,0.0008
18.11.2019 14:30:11.300 GMT-0000,38.682,38.658,0,0.0008
18.11.2019 14:30:11.461 GMT-0000,38.682,38.668,0,0.0008
18.11.2019 14:30:12.316 GMT-0000,38.672,38.667,0,0.0008
18.11.2019 14:30:12.366 GMT-0000,38.662,38.648,0.002,0.002
18.11.2019 14:30:12.510 GMT-0000,38.662,38.638000000000005,0,0.0008
18.11.2019 14:30:12.561 GMT-0000,38.653000000000006,38.627,0.002,0.002
18.11.2019 14:30:12.662 GMT-0000,38.663000000000004,38.637,0.002,0.002
18.11.2019 14:30:13.036 GMT-0000,38.662,38.638000000000005,0,0.0008
18.11.2019 14:30:13.273 GMT-0000,38.652,38.638000000000005,0,0.0008
18.11.2019 14:30:13.566 GMT-0000,38.641999999999996,38.628,0,0.002
18.11.2019 14:30:13.616 GMT-0000,38.652,38.628,0.002,0.002
18.11.2019 14:30:14.244 GMT-0000,38.652,38.638000000000005,0.002,0.002
18.11.2019 14:30:14.505 GMT-0000,38.652,38.628,0.002,0.002
18.11.2019 14:30:14.687 GMT-0000,38.662,38.648,0,0.0008
18.11.2019 14:30:15.073 GMT-0000,38.663000000000004,38.647,0.002,0.002
18.11.2019 14:30:15.123 GMT-0000,38.682,38.668,0.002,0.002
18.11.2019 14:30:15.575 GMT-0000,38.692,38.668,0,0.0008
18.11.2019 14:30:15.918 GMT-0000,38.682,38.668,0,0.0008
18.11.2019 14:30:15.969 GMT-0000,38.673,38.657,0.002,0.002
18.11.2019 14:30:16.114 GMT-0000,38.672,38.658,0.002,0.002
18.11.2019 14:30:16.260 GMT-0000,38.672,38.648,0,0.0008
18.11.2019 14:30:16.341 GMT-0000,38.663000000000004,38.647,0,0.002
18.11.2019 14:30:16.442 GMT-0000,38.672,38.648,0.002,0.002
18.11.2019 14:30:16.793 GMT-0000,38.662,38.638000000000005,0.002,0.002
18.11.2019 14:30:16.916 GMT-0000,38.652,38.638000000000005,0,0.0008
18.11.2019 14:30:16.967 GMT-0000,38.653000000000006,38.627,0.002,0.002
18.11.2019 14:30:17.343 GMT-0000,38.653000000000006,38.637,0,0.0008
18.11.2019 14:30:17.470 GMT-0000,38.662,38.648,0,0.0008
18.11.2019 14:30:17.623 GMT-0000,38.662,38.638000000000005,0,0.0008
18.11.2019 14:30:17.692 GMT-0000,38.653000000000006,38.638000000000005,0,0.0008
18.11.2019 14:30:17.827 GMT-0000,38.652,38.638000000000005,0,0.0008
18.11.2019 14:30:18.041 GMT-0000,38.653000000000006,38.627,0.002,0.002
18.11.2019 14:30:18.326 GMT-0000,38.652,38.628,0,0.0008
18.11.2019 14:30:18.420 GMT-0000,38.653000000000006,38.637,0.002,0.0008
18.11.2019 14:30:18.470 GMT-0000,38.662,38.638000000000005,0,0.0008
18.11.2019 14:30:18.924 GMT-0000,38.653000000000006,38.638000000000005,0,0.0008
18.11.2019 14:30:18.974 GMT-0000,38.652,38.628,0,0.0008
18.11.2019 14:30:19.065 GMT-0000,38.643,38.628,0,0.0008
18.11.2019 14:30:19.116 GMT-0000,38.641999999999996,38.618,0,0.0008
18.11.2019 14:30:19.233 GMT-0000,38.641999999999996,38.617,0,0.0008
18.11.2019 14:30:19.844 GMT-0000,38.641999999999996,38.598000000000006,0,0.0008
18.11.2019 14:30:19.969 GMT-0000,38.641999999999996,38.618,0.002,0.002
18.11.2019 14:30:20.099 GMT-0000,38.632,38.608000000000004,0.002,0.002
18.11.2019 14:30:20.458 GMT-0000,38.633,38.607,0.002,0.002
18.11.2019 14:30:20.631 GMT-0000,38.633,38.627,0,0.0008
18.11.2019 14:30:20.718 GMT-0000,38.641999999999996,38.628,0,0.0008
18.11.2019 14:30:20.936 GMT-0000,38.632,38.618,0.002,0.002
18.11.2019 14:30:21.188 GMT-0000,38.622,38.608000000000004,0,0.0008
18.11.2019 14:30:21.521 GMT-0000,38.623000000000005,38.607,0.002,0.002
18.11.2019 14:30:21.971 GMT-0000,38.622,38.608000000000004,0,0.0008
18.11.2019 14:30:22.072 GMT-0000,38.612,38.598000000000006,0,0.0008
18.11.2019 14:30:24.024 GMT-0000,38.613,38.597,0.002,0.002
18.11.2019 14:30:25.648 GMT-0000,38.612,38.598000000000006,0,0.0008
18.11.2019 14:30:28.771 GMT-0000,38.613,38.597,0.002,0.002
18.11.2019 14:30:29.000 GMT-0000,38.612,38.598000000000006,0,0.0008
18.11.2019 14:30:31.040 GMT-0000,38.613,38.597,0.002,0.002
18.11.2019 14:30:31.177 GMT-0000,38.612,38.598000000000006,0,0.0008
18.11.2019 14:30:31.474 GMT-0000,38.613,38.597,0.002,0.002
18.11.2019 14:30:31.693 GMT-0000,38.612,38.598000000000006,0,0.0008
18.11.2019 14:30:32.315 GMT-0000,38.613,38.597,0.002,0.002
18.11.2019 14:30:32.674 GMT-0000,38.612,38.598000000000006,0,0.0008
18.11.2019 14:30:33.679 GMT-0000,38.613,38.598000000000006,0,0.0008
18.11.2019 14:30:33.730 GMT-0000,38.623000000000005,38.597,0.002,0.002
18.11.2019 14:30:33.873 GMT-0000,38.622,38.598000000000006,0,0.0008
18.11.2019 14:30:34.815 GMT-0000,38.622,38.607,0,0.0008
18.11.2019 14:30:34.866 GMT-0000,38.632,38.608000000000004,0,0.0008
18.11.2019 14:30:35.027 GMT-0000,38.641999999999996,38.618,0,0.0008
18.11.2019 14:30:35.128 GMT-0000,38.643,38.617,0.002,0.002
18.11.2019 14:30:35.262 GMT-0000,38.641999999999996,38.618,0,0.0008
18.11.2019 14:30:35.493 GMT-0000,38.632,38.618,0,0.0008
18.11.2019 14:30:35.543 GMT-0000,38.641999999999996,38.618,0,0.0008
18.11.2019 14:30:36.809 GMT-0000,38.643,38.617,0.002,0.002
18.11.2019 14:30:37.274 GMT-0000,38.632,38.618,0,0.0008
18.11.2019 14:30:37.524 GMT-0000,38.632,38.608000000000004,0,0.0008
18.11.2019 14:30:37.574 GMT-0000,38.623000000000005,38.607,0,0.002
18.11.2019 14:30:38.027 GMT-0000,38.622,38.608000000000004,0,0.0008
18.11.2019 14:30:38.128 GMT-0000,38.632,38.608000000000004,0.002,0.002
18.11.2019 14:30:38.249 GMT-0000,38.643,38.617,0.002,0.002
18.11.2019 14:30:38.518 GMT-0000,38.641999999999996,38.618,0,0.0008
18.11.2019 14:30:38.875 GMT-0000,38.643,38.617,0.002,0.002
18.11.2019 14:30:39.079 GMT-0000,38.641999999999996,38.618,0.002,0.002
18.11.2019 14:30:39.606 GMT-0000,38.633,38.618,0,0.0008
18.11.2019 14:30:39.992 GMT-0000,38.632,38.618,0.002,0.002
18.11.2019 14:30:40.327 GMT-0000,38.633,38.617,0.002,0.002
18.11.2019 14:30:40.499 GMT-0000,38.632,38.618,0,0.0008
18.11.2019 14:30:40.983 GMT-0000,38.622,38.598000000000006,0.002,0.002
18.11.2019 14:30:41.334 GMT-0000,38.623000000000005,38.608000000000004,0,0.0008
18.11.2019 14:30:41.384 GMT-0000,38.632,38.608000000000004,0.002,0.002
18.11.2019 14:30:41.496 GMT-0000,38.623000000000005,38.608000000000004,0,0.0008
18.11.2019 14:30:41.546 GMT-0000,38.622,38.598000000000006,0,0.0008
18.11.2019 14:30:41.596 GMT-0000,38.622,38.608000000000004,0,0.0008
18.11.2019 14:30:41.647 GMT-0000,38.622,38.598000000000006,0,0.0008
18.11.2019 14:30:41.781 GMT-0000,38.622,38.608000000000004,0,0.0008
18.11.2019 14:30:41.883 GMT-0000,38.622,38.598000000000006,0.002,0.002
18.11.2019 14:30:42.106 GMT-0000,38.612,38.598000000000006,0,0.002
18.11.2019 14:30:44.277 GMT-0000,38.612,38.578,0,0.0008
18.11.2019 14:30:44.744 GMT-0000,38.612,38.588,0.002,0.0008
18.11.2019 14:30:45.291 GMT-0000,38.612,38.597,0,0.0008
18.11.2019 14:30:45.418 GMT-0000,38.612,38.598000000000006,0,0.0008
18.11.2019 14:30:46.717 GMT-0000,38.612,38.607,0,0.0008
18.11.2019 14:30:46.768 GMT-0000,38.622,38.608000000000004,0,0.0008
18.11.2019 14:30:46.934 GMT-0000,38.632,38.618,0,0.0008
18.11.2019 14:30:47.395 GMT-0000,38.643,38.617,0.002,0.002
18.11.2019 14:30:47.754 GMT-0000,38.641999999999996,38.618,0,0.0008
18.11.2019 14:30:48.245 GMT-0000,38.641999999999996,38.628,0,0.0008
18.11.2019 14:30:49.427 GMT-0000,38.643,38.638000000000005,0,0.0008
18.11.2019 14:30:49.478 GMT-0000,38.652,38.638000000000005,0,0.0008
18.11.2019 14:30:49.528 GMT-0000,38.682,38.668,0,0.0008
18.11.2019 14:30:49.686 GMT-0000,38.683,38.677,0,0.0008
18.11.2019 14:30:49.737 GMT-0000,38.692,38.678000000000004,0,0.0008
18.11.2019 14:30:49.796 GMT-0000,38.673,38.657,0.002,0.002
18.11.2019 14:30:50.247 GMT-0000,38.672,38.648,0,0.0008
18.11.2019 14:30:50.492 GMT-0000,38.672,38.658,0,0.0008
18.11.2019 14:30:50.566 GMT-0000,38.662,38.638000000000005,0.002,0.002
18.11.2019 14:30:50.617 GMT-0000,38.672,38.648,0,0.0008
18.11.2019 14:30:50.761 GMT-0000,38.672,38.658,0,0.0008
18.11.2019 14:30:50.944 GMT-0000,38.673,38.657,0,0.002
18.11.2019 14:30:50.994 GMT-0000,38.682,38.658,0,0.0008
18.11.2019 14:30:51.153 GMT-0000,38.682,38.667,0,0.0008
18.11.2019 14:30:51.254 GMT-0000,38.682,38.658,0,0.0008
18.11.2019 14:30:51.678 GMT-0000,38.683,38.657,0.002,0.002
18.11.2019 14:30:51.729 GMT-0000,38.702,38.688,0,0.0008
18.11.2019 14:30:52.450 GMT-0000,38.703,38.687,0.002,0.0008
18.11.2019 14:30:52.500 GMT-0000,38.702,38.678000000000004,0,0.0008
18.11.2019 14:30:52.669 GMT-0000,38.702,38.688,0,0.0008
18.11.2019 14:30:52.720 GMT-0000,38.711999999999996,38.688,0.002,0.002
18.11.2019 14:30:52.923 GMT-0000,38.702,38.688,0,0.0008
18.11.2019 14:30:52.975 GMT-0000,38.702,38.678000000000004,0,0.0008
18.11.2019 14:30:53.175 GMT-0000,38.702,38.687,0,0.0008
18.11.2019 14:30:53.225 GMT-0000,38.711999999999996,38.688,0,0.0008
18.11.2019 14:30:53.275 GMT-0000,38.722,38.698,0.002,0.002
18.11.2019 14:30:54.778 GMT-0000,38.722,38.708000000000006,0,0.0008
18.11.2019 14:30:54.828 GMT-0000,38.742,38.718,0.002,0.002
18.11.2019 14:30:54.928 GMT-0000,38.732,38.708000000000006,0,0.0008
18.11.2019 14:30:55.085 GMT-0000,38.733000000000004,38.707,0.002,0.002
18.11.2019 14:30:55.190 GMT-0000,38.722,38.708000000000006,0,0.002
18.11.2019 14:30:55.241 GMT-0000,38.732,38.708000000000006,0.002,0.002
18.11.2019 14:30:55.598 GMT-0000,38.733000000000004,38.707,0.002,0.002
18.11.2019 14:30:55.713 GMT-0000,38.722,38.698,0,0.0008
18.11.2019 14:30:56.866 GMT-0000,38.723000000000006,38.707,0.002,0.002
18.11.2019 14:30:57.053 GMT-0000,38.732,38.708000000000006,0.002,0.002
18.11.2019 14:30:57.386 GMT-0000,38.733000000000004,38.707,0.002,0.002
18.11.2019 14:30:57.575 GMT-0000,38.732,38.708000000000006,0,0.0008
18.11.2019 14:30:58.862 GMT-0000,38.722,38.708000000000006,0,0.002
18.11.2019 14:30:58.963 GMT-0000,38.733000000000004,38.707,0.002,0.002
18.11.2019 14:30:59.124 GMT-0000,38.732,38.708000000000006,0,0.0008
18.11.2019 14:30:59.174 GMT-0000,38.722,38.708000000000006,0,0.0008
18.11.2019 14:30:59.286 GMT-0000,38.722,38.698,0,0.0008
18.11.2019 14:30:59.740 GMT-0000,38.723000000000006,38.708000000000006,0,0.0008
18.11.2019 14:30:59.791 GMT-0000,38.732,38.708000000000006,0,0.0008
18.11.2019 14:31:00.048 GMT-0000,38.732,38.717,0,0.0008
18.11.2019 14:31:00.098 GMT-0000,38.742,38.718,0,0.0008
18.11.2019 14:31:00.697 GMT-0000,38.743,38.717,0.002,0.002
18.11.2019 14:31:00.805 GMT-0000,38.742,38.718,0.002,0.002
18.11.2019 14:31:00.963 GMT-0000,38.743,38.717,0.002,0.002
18.11.2019 14:31:01.507 GMT-0000,38.742,38.718,0,0.0008
18.11.2019 14:31:02.361 GMT-0000,38.733000000000004,38.718,0,0.0008
18.11.2019 14:31:02.522 GMT-0000,38.733000000000004,38.717,0.002,0.002
18.11.2019 14:31:04.147 GMT-0000,38.733000000000004,38.718,0,0.0008
18.11.2019 14:31:04.207 GMT-0000,38.742,38.718,0.002,0.002
18.11.2019 14:31:05.041 GMT-0000,38.743,38.717,0.002,0.002
18.11.2019 14:31:05.183 GMT-0000,38.742,38.718,0,0.0008
18.11.2019 14:31:05.611 GMT-0000,38.743,38.717,0.002,0.002
18.11.2019 14:31:05.761 GMT-0000,38.742,38.718,0,0.0008
18.11.2019 14:31:06.019 GMT-0000,38.743,38.717,0.002,0.002
18.11.2019 14:31:06.324 GMT-0000,38.742,38.718,0,0.0008
18.11.2019 14:31:06.431 GMT-0000,38.743,38.717,0.002,0.002
18.11.2019 14:31:06.641 GMT-0000,38.742,38.718,0,0.0008
18.11.2019 14:31:06.742 GMT-0000,38.743,38.717,0.002,0.002
18.11.2019 14:31:06.856 GMT-0000,38.742,38.718,0,0.0008
18.11.2019 14:31:07.235 GMT-0000,38.743,38.717,0.002,0.002
18.11.2019 14:31:07.774 GMT-0000,38.732,38.718,0,0.0008
18.11.2019 14:31:07.825 GMT-0000,38.732,38.708000000000006,0,0.0008
18.11.2019 14:31:07.975 GMT-0000,38.733000000000004,38.707,0.002,0.002
18.11.2019 14:31:08.236 GMT-0000,38.732,38.708000000000006,0.002,0.002
18.11.2019 14:31:09.607 GMT-0000,38.742,38.718,0,0.0008
18.11.2019 14:31:09.996 GMT-0000,38.732,38.718,0,0.002
18.11.2019 14:31:10.096 GMT-0000,38.733000000000004,38.707,0.002,0.002
18.11.2019 14:31:10.225 GMT-0000,38.732,38.708000000000006,0,0.0008
18.11.2019 14:31:10.872 GMT-0000,38.743,38.717,0.002,0.002
18.11.2019 14:31:10.955 GMT-0000,38.742,38.728,0,0.0008
18.11.2019 14:31:11.059 GMT-0000,38.743,38.727,0.002,0.002
18.11.2019 14:31:11.109 GMT-0000,38.742,38.718,0,0.0008
18.11.2019 14:31:11.210 GMT-0000,38.743,38.717,0.002,0.002
18.11.2019 14:31:11.342 GMT-0000,38.742,38.718,0.002,0.002
18.11.2019 14:31:11.914 GMT-0000,38.743,38.727,0.002,0.002
18.11.2019 14:31:12.353 GMT-0000,38.743,38.737,0,0.0008
18.11.2019 14:31:12.413 GMT-0000,38.762,38.748000000000005,0.002,0.002
18.11.2019 14:31:12.961 GMT-0000,38.773,38.757,0,0.001
18.11.2019 14:31:13.011 GMT-0000,38.802,38.788000000000004,0.002,0.002
18.11.2019 14:31:13.627 GMT-0000,38.821999999999996,38.808,0.002,0.002
18.11.2019 14:31:13.708 GMT-0000,38.842,38.828,0.002,0.002
18.11.2019 14:31:13.758 GMT-0000,38.843,38.817,0.002,0.002
18.11.2019 14:31:13.864 GMT-0000,38.842,38.818000000000005,0,0.0008
18.11.2019 14:31:13.914 GMT-0000,38.852,38.828,0,0.0008
18.11.2019 14:31:14.018 GMT-0000,38.843,38.828,0,0.0008
18.11.2019 14:31:14.119 GMT-0000,38.853,38.827,0.002,0.002
18.11.2019 14:31:14.560 GMT-0000,38.852,38.838,0.002,0.0008
18.11.2019 14:31:15.021 GMT-0000,38.852,38.828,0,0.0008
18.11.2019 14:31:15.088 GMT-0000,38.852,38.838,0,0.0008
18.11.2019 14:31:16.060 GMT-0000,38.858000000000004,38.848000000000006,0,0.0008
18.11.2019 14:31:16.110 GMT-0000,38.891999999999996,38.848000000000006,0,0.0008
18.11.2019 14:31:16.189 GMT-0000,38.891999999999996,38.858000000000004,0.002,0.0008
18.11.2019 14:31:16.324 GMT-0000,38.863,38.847,0,0.002
18.11.2019 14:31:16.374 GMT-0000,38.862,38.838,0.002,0.002
18.11.2019 14:31:16.456 GMT-0000,38.862,38.847,0,0.0008
18.11.2019 14:31:16.694 GMT-0000,38.872,38.848000000000006,0,0.0008
18.11.2019 14:31:16.752 GMT-0000,38.882,38.858000000000004,0,0.0008
18.11.2019 14:31:17.189 GMT-0000,38.873000000000005,38.857,0,0.002
18.11.2019 14:31:17.812 GMT-0000,38.873000000000005,38.847,0.002,0.002
18.11.2019 14:31:18.979 GMT-0000,38.872,38.848000000000006,0,0.0008
18.11.2019 14:31:19.180 GMT-0000,38.863,38.848000000000006,0,0.0008
18.11.2019 14:31:19.497 GMT-0000,38.863,38.847,0,0.002
18.11.2019 14:31:19.548 GMT-0000,38.873000000000005,38.847,0.002,0.002
18.11.2019 14:31:19.698 GMT-0000,38.872,38.848000000000006,0,0.0008
18.11.2019 14:31:19.877 GMT-0000,38.882,38.858000000000004,0,0.0008
18.11.2019 14:31:19.927 GMT-0000,38.843,38.827,0.002,0.002
18.11.2019 14:31:20.203 GMT-0000,38.842,38.828,0,0.0008
18.11.2019 14:31:20.304 GMT-0000,38.832,38.808,0,0.0008
18.11.2019 14:31:20.403 GMT-0000,38.821999999999996,38.808,0,0.002
18.11.2019 14:31:20.504 GMT-0000,38.832,38.808,0.002,0.002
18.11.2019 14:31:20.592 GMT-0000,38.821999999999996,38.808,0.002,0.002
18.11.2019 14:31:21.135 GMT-0000,38.812,38.798,0.002,0.002
18.11.2019 14:31:21.185 GMT-0000,38.802,38.778000000000006,0,0.0008
18.11.2019 14:31:21.317 GMT-0000,38.793,38.778000000000006,0,0.0008
18.11.2019 14:31:21.881 GMT-0000,38.792,38.778000000000006,0,0.0008
18.11.2019 14:31:22.237 GMT-0000,38.793,38.777,0,0.002
18.11.2019 14:31:22.287 GMT-0000,38.802,38.778000000000006,0,0.0008
18.11.2019 14:31:22.392 GMT-0000,38.792,38.778000000000006,0,0.002
18.11.2019 14:31:22.543 GMT-0000,38.803000000000004,38.787,0.002,0.002
18.11.2019 14:31:23.210 GMT-0000,38.812,38.788000000000004,0,0.0008
18.11.2019 14:31:23.261 GMT-0000,38.823,38.797,0.002,0.002
18.11.2019 14:31:23.311 GMT-0000,38.812,38.798,0,0.0008
18.11.2019 14:31:23.361 GMT-0000,38.821999999999996,38.798,0.002,0.002
18.11.2019 14:31:23.895 GMT-0000,38.823,38.797,0.002,0.002
18.11.2019 14:31:24.030 GMT-0000,38.821999999999996,38.798,0,0.0008
18.11.2019 14:31:24.523 GMT-0000,38.821999999999996,38.807,0,0.0008
18.11.2019 14:31:24.623 GMT-0000,38.821999999999996,38.798,0.002,0.002
18.11.2019 14:31:24.756 GMT-0000,38.821999999999996,38.818000000000005,0,0.0008
18.11.2019 14:31:24.806 GMT-0000,38.842,38.828,0,0.0008
18.11.2019 14:31:25.082 GMT-0000,38.842,38.818000000000005,0,0.0008
18.11.2019 14:31:25.632 GMT-0000,38.832,38.818000000000005,0.002,0.002
18.11.2019 14:31:25.976 GMT-0000,38.821999999999996,38.818000000000005,0,0.0008
18.11.2019 14:31:26.026 GMT-0000,38.821999999999996,38.808,0,0.0008
18.11.2019 14:31:26.077 GMT-0000,38.842,38.828,0.002,0.002
18.11.2019 14:31:26.435 GMT-0000,38.853,38.836999999999996,0.002,0.002
18.11.2019 14:31:26.790 GMT-0000,38.852,38.838,0.002,0.002
18.11.2019 14:31:27.047 GMT-0000,38.863,38.836999999999996,0.002,0.002
18.11.2019 14:31:27.754 GMT-0000,38.862,38.838,0,0.0008
18.11.2019 14:31:28.199 GMT-0000,38.852,38.838,0.002,0.002
18.11.2019 14:31:28.362 GMT-0000,38.852,38.848000000000006,0,0.0008
18.11.2019 14:31:28.412 GMT-0000,38.862,38.848000000000006,0,0.0008
18.11.2019 14:31:28.742 GMT-0000,38.862,38.858000000000004,0,0.0008
18.11.2019 14:31:28.792 GMT-0000,38.872,38.848000000000006,0.002,0.002
18.11.2019 14:31:29.022 GMT-0000,38.873000000000005,38.847,0.002,0.002
18.11.2019 14:31:29.106 GMT-0000,38.872,38.858000000000004,0,0.0008
18.11.2019 14:31:29.393 GMT-0000,38.873000000000005,38.857,0.002,0.002
18.11.2019 14:31:29.508 GMT-0000,38.863,38.847,0.002,0.002
18.11.2019 14:31:29.601 GMT-0000,38.862,38.838,0.002,0.002
18.11.2019 14:31:29.995 GMT-0000,38.863,38.857,0,0.0008
18.11.2019 14:31:30.045 GMT-0000,38.893,38.857,0.002,0.002
18.11.2019 14:31:30.375 GMT-0000,38.891999999999996,38.868,0,0.0008
18.11.2019 14:31:30.554 GMT-0000,38.891999999999996,38.877,0,0.0008
18.11.2019 14:31:31.068 GMT-0000,38.903000000000006,38.887,0.002,0.002
18.11.2019 14:31:31.169 GMT-0000,38.902,38.878,0,0.0008
18.11.2019 14:31:31.500 GMT-0000,38.903000000000006,38.887,0.002,0.0008
18.11.2019 14:31:31.601 GMT-0000,38.932,38.908,0,0.0008
18.11.2019 14:31:31.651 GMT-0000,38.922,38.898,0,0.0008
18.11.2019 14:31:31.846 GMT-0000,38.912,38.898,0,0.0008
18.11.2019 14:31:31.897 GMT-0000,38.902,38.878,0,0.0008
18.11.2019 14:31:32.205 GMT-0000,38.903000000000006,38.897,0,0.0008
18.11.2019 14:31:32.255 GMT-0000,38.912,38.888000000000005,0.002,0.002
18.11.2019 14:31:32.306 GMT-0000,38.902,38.888000000000005,0,0.0008
18.11.2019 14:31:32.494 GMT-0000,38.902,38.878,0,0.0008
18.11.2019 14:31:32.772 GMT-0000,38.891999999999996,38.868,0.002,0.002
18.11.2019 14:31:32.822 GMT-0000,38.903000000000006,38.877,0.002,0.002
18.11.2019 14:31:33.061 GMT-0000,38.891999999999996,38.878,0,0.0008
18.11.2019 14:31:33.112 GMT-0000,38.891999999999996,38.868,0,0.0008
18.11.2019 14:31:33.406 GMT-0000,38.882,38.858000000000004,0.002,0.002
18.11.2019 14:31:33.536 GMT-0000,38.882,38.867,0,0.0008
18.11.2019 14:31:33.586 GMT-0000,38.891999999999996,38.868,0,0.0008
18.11.2019 14:31:33.949 GMT-0000,38.893,38.867,0.002,0.002
18.11.2019 14:31:34.024 GMT-0000,38.873000000000005,38.867,0,0.0008
18.11.2019 14:31:34.075 GMT-0000,38.862,38.848000000000006,0,0.0008
18.11.2019 14:31:34.181 GMT-0000,38.872,38.848000000000006,0.002,0.002
18.11.2019 14:31:34.624 GMT-0000,38.873000000000005,38.847,0.002,0.002
18.11.2019 14:31:34.703 GMT-0000,38.863,38.847,0,0.002
18.11.2019 14:31:34.804 GMT-0000,38.862,38.838,0,0.0008
18.11.2019 14:31:34.854 GMT-0000,38.862,38.848000000000006,0,0.0008
18.11.2019 14:31:34.952 GMT-0000,38.862,38.838,0,0.0008
18.11.2019 14:31:35.520 GMT-0000,38.853,38.838,0,0.0008
18.11.2019 14:31:35.570 GMT-0000,38.852,38.828,0,0.0008
18.11.2019 14:31:35.652 GMT-0000,38.852,38.836999999999996,0,0.0008
18.11.2019 14:31:35.928 GMT-0000,38.853,38.838,0,0.0008
18.11.2019 14:31:35.978 GMT-0000,38.862,38.838,0.002,0.002
18.11.2019 14:31:36.147 GMT-0000,38.853,38.836999999999996,0,0.002
18.11.2019 14:31:36.309 GMT-0000,38.862,38.838,0,0.0008
18.11.2019 14:31:36.645 GMT-0000,38.852,38.838,0,0.002
18.11.2019 14:31:36.859 GMT-0000,38.863,38.836999999999996,0.002,0.002
18.11.2019 14:31:37.216 GMT-0000,38.853,38.836999999999996,0,0.002
18.11.2019 14:31:37.380 GMT-0000,38.862,38.838,0,0.0008
18.11.2019 14:31:37.538 GMT-0000,38.872,38.848000000000006,0,0.0008
18.11.2019 14:31:37.840 GMT-0000,38.873000000000005,38.847,0.002,0.002
18.11.2019 14:31:38.115 GMT-0000,38.883,38.857,0.002,0.002
18.11.2019 14:31:38.279 GMT-0000,38.883,38.877,0,0.0008
18.11.2019 14:31:38.329 GMT-0000,38.902,38.878,0,0.0008
18.11.2019 14:31:38.382 GMT-0000,38.891999999999996,38.878,0,0.002
18.11.2019 14:31:38.693 GMT-0000,38.893,38.867,0.002,0.002
18.11.2019 14:31:38.978 GMT-0000,38.882,38.868,0,0.0008
18.11.2019 14:31:39.029 GMT-0000,38.882,38.858000000000004,0,0.0008
18.11.2019 14:31:39.079 GMT-0000,38.882,38.868,0,0.0008
18.11.2019 14:31:39.180 GMT-0000,38.891999999999996,38.878,0.002,0.002
18.11.2019 14:31:39.396 GMT-0000,38.891999999999996,38.868,0.002,0.002
18.11.2019 14:31:39.497 GMT-0000,38.882,38.868,0,0.0008
18.11.2019 14:31:39.625 GMT-0000,38.883,38.857,0.002,0.002
18.11.2019 14:31:40.194 GMT-0000,38.872,38.857,0,0.0008
18.11.2019 14:31:40.244 GMT-0000,38.872,38.848000000000006,0.002,0.002
18.11.2019 14:31:40.745 GMT-0000,38.882,38.858000000000004,0,0.0008
18.11.2019 14:31:40.846 GMT-0000,38.891999999999996,38.868,0.002,0.002
18.11.2019 14:31:40.947 GMT-0000,38.893,38.867,0.002,0.002
18.11.2019 14:31:41.062 GMT-0000,38.883,38.867,0.002,0.0008
18.11.2019 14:31:41.112 GMT-0000,38.893,38.867,0.002,0.002
18.11.2019 14:31:41.213 GMT-0000,38.882,38.868,0,0.0008
18.11.2019 14:31:41.313 GMT-0000,38.891999999999996,38.868,0.002,0.002
18.11.2019 14:31:41.414 GMT-0000,38.891999999999996,38.878,0,0.0008
18.11.2019 14:31:41.514 GMT-0000,38.891999999999996,38.868,0,0.0008
18.11.2019 14:31:41.565 GMT-0000,38.891999999999996,38.878,0,0.0008
18.11.2019 14:31:41.623 GMT-0000,38.903000000000006,38.877,0.002,0.002
18.11.2019 14:31:41.724 GMT-0000,38.891999999999996,38.878,0,0.0008
18.11.2019 14:31:41.844 GMT-0000,38.902,38.878,0,0.0008
18.11.2019 14:31:42.197 GMT-0000,38.893,38.877,0.002,0.002
18.11.2019 14:31:42.464 GMT-0000,38.891999999999996,38.878,0.002,0.0008
18.11.2019 14:31:42.530 GMT-0000,38.891999999999996,38.868,0,0.0008
18.11.2019 14:31:42.580 GMT-0000,38.891999999999996,38.878,0,0.0008
18.11.2019 14:31:42.691 GMT-0000,38.891999999999996,38.868,0.002,0.002
18.11.2019 14:31:43.615 GMT-0000,38.891999999999996,38.878,0.002,0.002
18.11.2019 14:31:43.908 GMT-0000,38.912,38.888000000000005,0.002,0.002
18.11.2019 14:31:43.959 GMT-0000,38.902,38.878,0,0.0008
18.11.2019 14:31:44.080 GMT-0000,38.902,38.888000000000005,0.002,0.0008
18.11.2019 14:31:44.181 GMT-0000,38.891999999999996,38.868,0,0.0008
18.11.2019 14:31:44.231 GMT-0000,38.902,38.878,0,0.0008
18.11.2019 14:31:44.345 GMT-0000,38.903000000000006,38.877,0.002,0.002
18.11.2019 14:31:44.447 GMT-0000,38.902,38.878,0,0.0008
18.11.2019 14:31:44.583 GMT-0000,38.891999999999996,38.868,0.002,0.002
18.11.2019 14:31:44.976 GMT-0000,38.883,38.868,0,0.0008
18.11.2019 14:31:45.089 GMT-0000,38.883,38.857,0.002,0.002
18.11.2019 14:31:45.269 GMT-0000,38.882,38.858000000000004,0,0.0008
18.11.2019 14:31:45.430 GMT-0000,38.873000000000005,38.857,0,0.002
18.11.2019 14:31:45.643 GMT-0000,38.882,38.858000000000004,0,0.0008
18.11.2019 14:31:46.073 GMT-0000,38.883,38.868,0,0.0008
18.11.2019 14:31:46.160 GMT-0000,38.891999999999996,38.868,0,0.0008
18.11.2019 14:31:46.400 GMT-0000,38.882,38.868,0,0.002
18.11.2019 14:31:46.500 GMT-0000,38.882,38.858000000000004,0.002,0.002
18.11.2019 14:31:46.551 GMT-0000,38.873000000000005,38.857,0.002,0.002
18.11.2019 14:31:46.668 GMT-0000,38.891999999999996,38.868,0,0.0008
18.11.2019 14:31:46.912 GMT-0000,38.891999999999996,38.877,0,0.0008
18.11.2019 14:31:47.090 GMT-0000,38.893,38.877,0.002,0.002
18.11.2019 14:31:47.191 GMT-0000,38.912,38.888000000000005,0,0.0008
18.11.2019 14:31:47.315 GMT-0000,38.913000000000004,38.887,0.002,0.002
18.11.2019 14:31:48.132 GMT-0000,38.902,38.888000000000005,0,0.0008
18.11.2019 14:31:48.182 GMT-0000,38.902,38.878,0,0.0008
18.11.2019 14:31:48.233 GMT-0000,38.912,38.888000000000005,0,0.0008
18.11.2019 14:31:48.468 GMT-0000,38.913000000000004,38.887,0.002,0.002
18.11.2019 14:31:48.623 GMT-0000,38.902,38.888000000000005,0,0.0008
18.11.2019 14:31:49.378 GMT-0000,38.902,38.878,0,0.0008
18.11.2019 14:31:49.653 GMT-0000,38.902,38.888000000000005,0.002,0.0008
18.11.2019 14:31:50.392 GMT-0000,38.903000000000006,38.887,0.002,0.002
18.11.2019 14:31:50.513 GMT-0000,38.902,38.888000000000005,0,0.0008
18.11.2019 14:31:50.614 GMT-0000,38.903000000000006,38.877,0.002,0.002
18.11.2019 14:31:50.746 GMT-0000,38.902,38.878,0.002,0.002
18.11.2019 14:31:50.965 GMT-0000,38.902,38.888000000000005,0.002,0.002
18.11.2019 14:31:51.290 GMT-0000,38.903000000000006,38.887,0.002,0.002
18.11.2019 14:31:51.721 GMT-0000,38.902,38.878,0,0.0008
18.11.2019 14:31:51.917 GMT-0000,38.903000000000006,38.887,0.002,0.0008
18.11.2019 14:31:51.967 GMT-0000,38.903000000000006,38.877,0.002,0.002
18.11.2019 14:31:52.017 GMT-0000,38.902,38.888000000000005,0,0.0008
18.11.2019 14:31:52.202 GMT-0000,38.903000000000006,38.887,0.002,0.0008
18.11.2019 14:31:52.252 GMT-0000,38.902,38.878,0,0.0008
18.11.2019 14:31:52.379 GMT-0000,38.903000000000006,38.887,0.002,0.002
18.11.2019 14:31:52.613 GMT-0000,38.902,38.888000000000005,0.002,0.002
18.11.2019 14:31:53.187 GMT-0000,38.902,38.878,0.002,0.002
18.11.2019 14:31:53.237 GMT-0000,38.891999999999996,38.878,0.002,0.002
18.11.2019 14:31:53.679 GMT-0000,38.893,38.877,0,0.002
18.11.2019 14:31:53.730 GMT-0000,38.903000000000006,38.877,0.002,0.002
18.11.2019 14:31:54.391 GMT-0000,38.902,38.888000000000005,0,0.0008
18.11.2019 14:31:54.441 GMT-0000,38.912,38.888000000000005,0.002,0.002
18.11.2019 14:31:54.590 GMT-0000,38.903000000000006,38.877,0.002,0.002
18.11.2019 14:31:54.847 GMT-0000,38.902,38.878,0,0.0008
18.11.2019 14:31:55.713 GMT-0000,38.902,38.888000000000005,0.002,0.0008
18.11.2019 14:31:55.763 GMT-0000,38.902,38.878,0.002,0.002
18.11.2019 14:31:55.928 GMT-0000,38.891999999999996,38.878,0.002,0.002
18.11.2019 14:31:56.029 GMT-0000,38.902,38.878,0.002,0.002
18.11.2019 14:31:56.666 GMT-0000,38.903000000000006,38.877,0.002,0.002
18.11.2019 14:31:56.858 GMT-0000,38.902,38.888000000000005,0,0.0008
18.11.2019 14:31:58.124 GMT-0000,38.912,38.898,0.002,0.002
18.11.2019 14:31:58.664 GMT-0000,38.923,38.907,0.002,0.002
18.11.2019 14:31:59.235 GMT-0000,38.922,38.908,0,0.0008
18.11.2019 14:31:59.745 GMT-0000,38.923,38.897,0.002,0.002
18.11.2019 14:32:00.239 GMT-0000,38.922,38.908,0,0.0008
18.11.2019 14:32:00.358 GMT-0000,38.922,38.917,0,0.0008
18.11.2019 14:32:00.408 GMT-0000,38.932,38.918,0,0.0008
18.11.2019 14:32:00.598 GMT-0000,38.942,38.918,0,0.0008
18.11.2019 14:32:00.711 GMT-0000,38.952,38.918,0,0.0008
18.11.2019 14:32:00.850 GMT-0000,38.952,38.928000000000004,0,0.0008
18.11.2019 14:32:00.951 GMT-0000,38.972,38.938,0,0.0008
18.11.2019 14:32:01.051 GMT-0000,38.972,38.958000000000006,0,0.0008
18.11.2019 14:32:01.210 GMT-0000,38.961999999999996,38.948,0,0.0008
18.11.2019 14:32:01.260 GMT-0000,38.973000000000006,38.946999999999996,0.002,0.002
18.11.2019 14:32:01.315 GMT-0000,38.961999999999996,38.948,0,0.0008
18.11.2019 14:32:01.428 GMT-0000,38.982,38.958000000000006,0.002,0.002
18.11.2019 14:32:01.579 GMT-0000,38.963,38.937,0.002,0.002
18.11.2019 14:32:01.630 GMT-0000,38.983000000000004,38.957,0.002,0.002
18.11.2019 14:32:01.735 GMT-0000,38.963,38.946999999999996,0.002,0.0008
18.11.2019 14:32:01.922 GMT-0000,38.961999999999996,38.948,0,0.0008
18.11.2019 14:32:01.972 GMT-0000,38.961999999999996,38.938,0,0.0008
18.11.2019 14:32:02.069 GMT-0000,38.963,38.948,0,0.0008
18.11.2019 14:32:02.183 GMT-0000,38.953,38.948,0,0.0008
18.11.2019 14:32:02.237 GMT-0000,38.972,38.948,0.002,0.002
18.11.2019 14:32:02.288 GMT-0000,38.961999999999996,38.938,0,0.0008
18.11.2019 14:32:02.474 GMT-0000,38.963,38.946999999999996,0.002,0.0008
18.11.2019 14:32:02.782 GMT-0000,38.972,38.948,0,0.0008
18.11.2019 14:32:03.007 GMT-0000,38.973000000000006,38.946999999999996,0.002,0.002
18.11.2019 14:32:03.058 GMT-0000,38.982,38.958000000000006,0,0.0008
18.11.2019 14:32:03.806 GMT-0000,38.982,38.967,0,0.0008
18.11.2019 14:32:03.856 GMT-0000,38.992,38.968,0,0.0008
18.11.2019 14:32:04.549 GMT-0000,38.983000000000004,38.968,0,0.0008
18.11.2019 14:32:04.649 GMT-0000,38.982,38.958000000000006,0,0.0008
18.11.2019 14:32:04.859 GMT-0000,38.992,38.968,0,0.0008
18.11.2019 14:32:04.979 GMT-0000,38.983000000000004,38.967,0,0.002
18.11.2019 14:32:05.029 GMT-0000,38.992,38.968,0,0.0008
18.11.2019 14:32:05.079 GMT-0000,38.982,38.968,0,0.0008
18.11.2019 14:32:05.223 GMT-0000,38.983000000000004,38.967,0.002,0.002
18.11.2019 14:32:05.798 GMT-0000,38.982,38.958000000000006,0,0.0008
18.11.2019 14:32:06.155 GMT-0000,38.982,38.968,0,0.0008
18.11.2019 14:32:06.621 GMT-0000,38.982,38.977,0,0.0008
18.11.2019 14:32:06.672 GMT-0000,38.993,38.977,0.002,0.002
18.11.2019 14:32:07.418 GMT-0000,38.992,38.978,0,0.0008
18.11.2019 14:32:07.468 GMT-0000,38.982,38.968,0,0.0008
18.11.2019 14:32:07.569 GMT-0000,38.992,38.978,0,0.0008
18.11.2019 14:32:07.925 GMT-0000,38.992,38.968,0.002,0.002
18.11.2019 14:32:07.988 GMT-0000,38.992,38.977,0,0.0008
18.11.2019 14:32:08.089 GMT-0000,38.992,38.978,0.002,0.002
18.11.2019 14:32:08.222 GMT-0000,38.982,38.958000000000006,0,0.0008
18.11.2019 14:32:08.631 GMT-0000,38.961999999999996,38.938,0,0.0008
18.11.2019 14:32:08.779 GMT-0000,38.952,38.928000000000004,0,0.0008
18.11.2019 14:32:09.145 GMT-0000,38.952,38.937,0,0.0008
18.11.2019 14:32:09.245 GMT-0000,38.952,38.928000000000004,0,0.0008
18.11.2019 14:32:09.630 GMT-0000,38.952,38.937,0,0.0008
18.11.2019 14:32:09.680 GMT-0000,38.972,38.948,0,0.0008
18.11.2019 14:32:10.423 GMT-0000,38.961999999999996,38.938,0,0.0008
18.11.2019 14:32:11.163 GMT-0000,38.953,38.938,0,0.0008
18.11.2019 14:32:11.278 GMT-0000,38.952,38.928000000000004,0,0.0008
18.11.2019 14:32:11.959 GMT-0000,38.952,38.938,0,0.0008
18.11.2019 14:32:12.009 GMT-0000,38.961999999999996,38.938,0.002,0.002
18.11.2019 14:32:12.309 GMT-0000,38.953,38.938,0,0.0008
18.11.2019 14:32:12.359 GMT-0000,38.952,38.928000000000004,0,0.0008
18.11.2019 14:32:12.409 GMT-0000,38.942,38.928000000000004,0,0.0008
18.11.2019 14:32:12.970 GMT-0000,38.942,38.927,0,0.0008
18.11.2019 14:32:13.288 GMT-0000,38.932,38.928000000000004,0,0.0008
18.11.2019 14:32:13.338 GMT-0000,38.932,38.918,0,0.0008
18.11.2019 14:32:13.439 GMT-0000,38.942,38.918,0,0.0008
18.11.2019 14:32:13.792 GMT-0000,38.933,38.918,0,0.0008
18.11.2019 14:32:13.932 GMT-0000,38.923,38.918,0,0.0008
18.11.2019 14:32:13.982 GMT-0000,38.923,38.907,0.002,0.002
18.11.2019 14:32:14.123 GMT-0000,38.922,38.908,0,0.0008
18.11.2019 14:32:14.768 GMT-0000,38.933,38.907,0.002,0.002
18.11.2019 14:32:15.059 GMT-0000,38.932,38.908,0,0.0008
18.11.2019 14:32:15.295 GMT-0000,38.923,38.908,0,0.0008
18.11.2019 14:32:15.346 GMT-0000,38.913000000000004,38.897,0.002,0.002
18.11.2019 14:32:15.396 GMT-0000,38.891999999999996,38.878,0,0.0008
18.11.2019 14:32:15.809 GMT-0000,38.891999999999996,38.868,0,0.0008
18.11.2019 14:32:15.970 GMT-0000,38.872,38.868,0,0.0008
18.11.2019 14:32:16.020 GMT-0000,38.873000000000005,38.847,0.002,0.002
18.11.2019 14:32:16.332 GMT-0000,38.863,38.847,0,0.0008
18.11.2019 14:32:16.382 GMT-0000,38.852,38.828,0.002,0.002
18.11.2019 14:32:16.527 GMT-0000,38.863,38.847,0,0.0008
18.11.2019 14:32:16.577 GMT-0000,38.872,38.848000000000006,0,0.0008
18.11.2019 14:32:17.040 GMT-0000,38.883,38.857,0.002,0.002
18.11.2019 14:32:17.807 GMT-0000,38.882,38.858000000000004,0.002,0.002
18.11.2019 14:32:17.944 GMT-0000,38.863,38.858000000000004,0,0.0008
18.11.2019 14:32:17.994 GMT-0000,38.862,38.848000000000006,0.002,0.002
18.11.2019 14:32:18.045 GMT-0000,38.862,38.838,0,0.0008
18.11.2019 14:32:18.095 GMT-0000,38.852,38.828,0.002,0.002
18.11.2019 14:32:18.233 GMT-0000,38.853,38.836999999999996,0.002,0.002
18.11.2019 14:32:18.283 GMT-0000,38.862,38.838,0.002,0.002
18.11.2019 14:32:19.222 GMT-0000,38.863,38.836999999999996,0.002,0.002
18.11.2019 14:32:19.360 GMT-0000,38.862,38.838,0,0.0008
18.11.2019 14:32:19.837 GMT-0000,38.872,38.848000000000006,0,0.0008
18.11.2019 14:32:20.445 GMT-0000,38.862,38.848000000000006,0,0.002
18.11.2019 14:32:21.493 GMT-0000,38.862,38.838,0,0.0008
18.11.2019 14:32:21.598 GMT-0000,38.862,38.848000000000006,0.002,0.0008
18.11.2019 14:32:22.195 GMT-0000,38.872,38.848000000000006,0,0.0008
18.11.2019 14:32:22.509 GMT-0000,38.873000000000005,38.847,0.002,0.002
18.11.2019 14:32:22.636 GMT-0000,38.872,38.848000000000006,0,0.0008
18.11.2019 14:32:23.044 GMT-0000,38.873000000000005,38.847,0.002,0.002
18.11.2019 14:32:23.230 GMT-0000,38.862,38.848000000000006,0,0.0008
18.11.2019 14:32:23.381 GMT-0000,38.863,38.836999999999996,0.002,0.002
18.11.2019 14:32:23.608 GMT-0000,38.862,38.848000000000006,0,0.0008
18.11.2019 14:32:23.709 GMT-0000,38.863,38.847,0.002,0.002
18.11.2019 14:32:23.796 GMT-0000,38.862,38.838,0,0.0008
18.11.2019 14:32:24.131 GMT-0000,38.862,38.848000000000006,0.002,0.002
18.11.2019 14:32:25.133 GMT-0000,38.852,38.838,0,0.0008
18.11.2019 14:32:25.261 GMT-0000,38.862,38.838,0.002,0.002
18.11.2019 14:32:25.474 GMT-0000,38.852,38.838,0,0.0008
18.11.2019 14:32:25.807 GMT-0000,38.853,38.836999999999996,0.002,0.002
18.11.2019 14:32:25.944 GMT-0000,38.852,38.838,0,0.002
18.11.2019 14:32:25.994 GMT-0000,38.863,38.836999999999996,0.002,0.002
18.11.2019 14:32:26.045 GMT-0000,38.862,38.848000000000006,0,0.0008
18.11.2019 14:32:26.395 GMT-0000,38.863,38.836999999999996,0.002,0.002
18.11.2019 14:32:26.657 GMT-0000,38.862,38.838,0,0.0008
18.11.2019 14:32:27.092 GMT-0000,38.852,38.838,0,0.0008
18.11.2019 14:32:27.222 GMT-0000,38.853,38.836999999999996,0.002,0.002
18.11.2019 14:32:27.751 GMT-0000,38.852,38.838,0,0.0008
18.11.2019 14:32:28.393 GMT-0000,38.853,38.836999999999996,0.002,0.002
18.11.2019 14:32:29.153 GMT-0000,38.852,38.838,0,0.0008
18.11.2019 14:32:29.537 GMT-0000,38.853,38.836999999999996,0.002,0.002
18.11.2019 14:32:30.105 GMT-0000,38.872,38.858000000000004,0.002,0.002
18.11.2019 14:32:30.448 GMT-0000,38.883,38.857,0.002,0.002
18.11.2019 14:32:30.735 GMT-0000,38.882,38.858000000000004,0,0.0008
18.11.2019 14:32:31.397 GMT-0000,38.872,38.858000000000004,0.002,0.002
18.11.2019 14:32:31.447 GMT-0000,38.882,38.858000000000004,0,0.0008
18.11.2019 14:32:31.781 GMT-0000,38.872,38.858000000000004,0,0.002
18.11.2019 14:32:31.832 GMT-0000,38.891999999999996,38.868,0.002,0.002
18.11.2019 14:32:31.882 GMT-0000,38.891999999999996,38.878,0,0.0008
18.11.2019 14:32:31.983 GMT-0000,38.893,38.877,0.002,0.002
18.11.2019 14:32:32.033 GMT-0000,38.893,38.867,0.002,0.002
18.11.2019 14:32:32.116 GMT-0000,38.882,38.858000000000004,0,0.0008
18.11.2019 14:32:32.272 GMT-0000,38.891999999999996,38.878,0.002,0.0008
18.11.2019 14:32:32.322 GMT-0000,38.891999999999996,38.868,0,0.0008
18.11.2019 14:32:32.892 GMT-0000,38.893,38.877,0.002,0.0008
18.11.2019 14:32:32.942 GMT-0000,38.902,38.878,0,0.0008
18.11.2019 14:32:33.046 GMT-0000,38.893,38.878,0,0.0008
18.11.2019 14:32:33.097 GMT-0000,38.893,38.867,0.002,0.002
18.11.2019 14:32:34.063 GMT-0000,38.891999999999996,38.868,0,0.0008
18.11.2019 14:32:34.167 GMT-0000,38.873000000000005,38.867,0,0.0008
18.11.2019 14:32:34.217 GMT-0000,38.872,38.858000000000004,0.002,0.002
18.11.2019 14:32:34.367 GMT-0000,38.883,38.857,0.002,0.002
18.11.2019 14:32:34.418 GMT-0000,38.872,38.858000000000004,0,0.0008
18.11.2019 14:32:34.658 GMT-0000,38.862,38.848000000000006,0,0.0008
18.11.2019 14:32:35.438 GMT-0000,38.872,38.848000000000006,0,0.0008
18.11.2019 14:32:35.522 GMT-0000,38.872,38.857,0,0.0008
18.11.2019 14:32:35.758 GMT-0000,38.873000000000005,38.857,0.002,0.002
18.11.2019 14:32:35.975 GMT-0000,38.872,38.858000000000004,0,0.0008
18.11.2019 14:32:36.025 GMT-0000,38.873000000000005,38.847,0.002,0.002
18.11.2019 14:32:36.075 GMT-0000,38.862,38.848000000000006,0,0.0008
18.11.2019 14:32:36.332 GMT-0000,38.872,38.858000000000004,0,0.0008
18.11.2019 14:32:36.454 GMT-0000,38.882,38.858000000000004,0,0.0008
18.11.2019 14:32:36.665 GMT-0000,38.872,38.857,0,0.0008
18.11.2019 14:32:36.715 GMT-0000,38.872,38.848000000000006,0,0.0008
18.11.2019 14:32:36.822 GMT-0000,38.872,38.858000000000004,0,0.0008
18.11.2019 14:32:36.926 GMT-0000,38.873000000000005,38.857,0.002,0.002
18.11.2019 14:32:37.433 GMT-0000,38.863,38.858000000000004,0,0.0008
18.11.2019 14:32:37.483 GMT-0000,38.863,38.847,0.002,0.002
18.11.2019 14:32:38.118 GMT-0000,38.862,38.848000000000006,0,0.0008
18.11.2019 14:32:38.485 GMT-0000,38.863,38.847,0.002,0.002
18.11.2019 14:32:38.535 GMT-0000,38.872,38.858000000000004,0.002,0.002
18.11.2019 14:32:38.585 GMT-0000,38.882,38.858000000000004,0,0.0008
18.11.2019 14:32:38.636 GMT-0000,38.873000000000005,38.857,0.002,0.002
18.11.2019 14:32:38.930 GMT-0000,38.882,38.868,0,0.0008
18.11.2019 14:32:39.087 GMT-0000,38.883,38.867,0.002,0.002
18.11.2019 14:32:39.566 GMT-0000,38.882,38.868,0,0.0008
18.11.2019 14:32:41.339 GMT-0000,38.902,38.878,0.002,0.002
18.11.2019 14:32:41.389 GMT-0000,38.891999999999996,38.878,0,0.0008
18.11.2019 14:32:41.965 GMT-0000,38.891999999999996,38.868,0.002,0.002
18.11.2019 14:32:42.485 GMT-0000,38.893,38.867,0.002,0.002
18.11.2019 14:32:42.535 GMT-0000,38.882,38.868,0.002,0.002
18.11.2019 14:32:42.979 GMT-0000,38.891999999999996,38.878,0,0.0008
18.11.2019 14:32:43.379 GMT-0000,38.893,38.877,0.002,0.002
18.11.2019 14:32:43.491 GMT-0000,38.891999999999996,38.878,0,0.0008
18.11.2019 14:32:43.976 GMT-0000,38.893,38.877,0.002,0.002
18.11.2019 14:32:44.082 GMT-0000,38.893,38.878,0,0.0008
18.11.2019 14:32:44.133 GMT-0000,38.902,38.878,0,0.0008
18.11.2019 14:32:44.366 GMT-0000,38.893,38.878,0,0.0008
18.11.2019 14:32:44.607 GMT-0000,38.893,38.877,0.002,0.0008
18.11.2019 14:32:44.657 GMT-0000,38.893,38.867,0.002,0.002
18.11.2019 14:32:45.218 GMT-0000,38.891999999999996,38.868,0,0.0008
18.11.2019 14:32:45.301 GMT-0000,38.883,38.867,0.002,0.002
18.11.2019 14:32:46.266 GMT-0000,38.893,38.867,0.002,0.002
18.11.2019 14:32:46.602 GMT-0000,38.891999999999996,38.878,0,0.0008
18.11.2019 14:32:46.652 GMT-0000,38.893,38.867,0.002,0.002
18.11.2019 14:32:46.733 GMT-0000,38.891999999999996,38.878,0,0.0008
18.11.2019 14:32:46.936 GMT-0000,38.903000000000006,38.877,0.002,0.002
18.11.2019 14:32:47.036 GMT-0000,38.893,38.877,0.002,0.002
18.11.2019 14:32:47.193 GMT-0000,38.882,38.867,0,0.0008
18.11.2019 14:32:47.243 GMT-0000,38.882,38.858000000000004,0,0.0008
18.11.2019 14:32:47.529 GMT-0000,38.883,38.868,0,0.0008
18.11.2019 14:32:47.580 GMT-0000,38.891999999999996,38.868,0.002,0.002
18.11.2019 14:32:47.700 GMT-0000,38.893,38.867,0.002,0.002
18.11.2019 14:32:48.063 GMT-0000,38.891999999999996,38.868,0,0.0008
18.11.2019 14:32:48.185 GMT-0000,38.883,38.867,0,0.002
18.11.2019 14:32:48.299 GMT-0000,38.882,38.868,0,0.0008
18.11.2019 14:32:48.456 GMT-0000,38.893,38.877,0.002,0.002
18.11.2019 14:32:48.751 GMT-0000,38.891999999999996,38.878,0,0.0008
18.11.2019 14:32:48.975 GMT-0000,38.891999999999996,38.877,0,0.0008
18.11.2019 14:32:49.075 GMT-0000,38.891999999999996,38.868,0.002,0.002
18.11.2019 14:32:49.176 GMT-0000,38.882,38.868,0,0.0008
18.11.2019 14:32:49.821 GMT-0000,38.883,38.867,0.002,0.002
18.11.2019 14:32:50.208 GMT-0000,38.891999999999996,38.868,0,0.0008
18.11.2019 14:32:50.587 GMT-0000,38.882,38.868,0.002,0.002
18.11.2019 14:32:50.887 GMT-0000,38.891999999999996,38.878,0,0.0008
18.11.2019 14:32:52.338 GMT-0000,38.893,38.877,0.002,0.002
18.11.2019 14:32:52.603 GMT-0000,38.891999999999996,38.878,0,0.0008
18.11.2019 14:32:52.654 GMT-0000,38.891999999999996,38.868,0,0.0008
18.11.2019 14:32:52.820 GMT-0000,38.891999999999996,38.878,0,0.0008
18.11.2019 14:32:53.113 GMT-0000,38.893,38.877,0.002,0.002
18.11.2019 14:32:53.959 GMT-0000,38.891999999999996,38.878,0.002,0.002
18.11.2019 14:32:54.260 GMT-0000,38.883,38.867,0.002,0.002
18.11.2019 14:32:54.581 GMT-0000,38.882,38.868,0.002,0.002
18.11.2019 14:32:55.580 GMT-0000,38.872,38.867,0,0.0008
18.11.2019 14:32:55.630 GMT-0000,38.872,38.848000000000006,0.002,0.002
18.11.2019 14:32:55.811 GMT-0000,38.862,38.848000000000006,0,0.0008
18.11.2019 14:32:56.665 GMT-0000,38.863,38.847,0.002,0.002
18.11.2019 14:32:56.999 GMT-0000,38.862,38.848000000000006,0,0.0008
18.11.2019 14:32:57.172 GMT-0000,38.863,38.847,0.002,0.002
18.11.2019 14:32:57.356 GMT-0000,38.862,38.848000000000006,0.002,0.002
18.11.2019 14:32:57.542 GMT-0000,38.882,38.858000000000004,0.002,0.002
18.11.2019 14:32:57.592 GMT-0000,38.882,38.868,0,0.0008
18.11.2019 14:32:57.967 GMT-0000,38.883,38.867,0.002,0.002
18.11.2019 14:32:58.110 GMT-0000,38.882,38.858000000000004,0,0.0008
18.11.2019 14:32:59.081 GMT-0000,38.872,38.858000000000004,0,0.002
18.11.2019 14:32:59.132 GMT-0000,38.872,38.848000000000006,0,0.0008
18.11.2019 14:32:59.273 GMT-0000,38.872,38.858000000000004,0,0.0008
18.11.2019 14:32:59.495 GMT-0000,38.873000000000005,38.857,0.002,0.002
18.11.2019 14:33:00.690 GMT-0000,38.872,38.858000000000004,0,0.0008
18.11.2019 14:33:00.962 GMT-0000,38.862,38.848000000000006,0,0.0008
18.11.2019 14:33:01.012 GMT-0000,38.872,38.848000000000006,0,0.0008
18.11.2019 14:33:01.518 GMT-0000,38.862,38.848000000000006,0,0.0008
18.11.2019 14:33:01.903 GMT-0000,38.872,38.858000000000004,0,0.0008
18.11.2019 14:33:02.043 GMT-0000,38.873000000000005,38.857,0.002,0.002
18.11.2019 14:33:02.637 GMT-0000,38.872,38.858000000000004,0,0.0008
18.11.2019 14:33:03.865 GMT-0000,38.873000000000005,38.857,0.002,0.002
18.11.2019 14:33:05.031 GMT-0000,38.891999999999996,38.878,0,0.0008
18.11.2019 14:33:05.239 GMT-0000,38.882,38.868,0.002,0.002
18.11.2019 14:33:05.792 GMT-0000,38.882,38.878,0,0.0008
18.11.2019 14:33:05.842 GMT-0000,38.891999999999996,38.878,0.002,0.002
18.11.2019 14:33:05.971 GMT-0000,38.891999999999996,38.888000000000005,0,0.0008
18.11.2019 14:33:06.021 GMT-0000,38.902,38.888000000000005,0,0.0008
18.11.2019 14:33:06.646 GMT-0000,38.891999999999996,38.878,0,0.0008
18.11.2019 14:33:06.766 GMT-0000,38.893,38.877,0.002,0.002
18.11.2019 14:33:07.029 GMT-0000,38.891999999999996,38.878,0,0.0008
18.11.2019 14:33:07.188 GMT-0000,38.883,38.867,0.002,0.002
18.11.2019 14:33:07.300 GMT-0000,38.882,38.868,0,0.0008
18.11.2019 14:33:07.942 GMT-0000,38.872,38.858000000000004,0,0.0008
18.11.2019 14:33:08.043 GMT-0000,38.873000000000005,38.857,0.002,0.002
18.11.2019 14:33:08.408 GMT-0000,38.873000000000005,38.858000000000004,0,0.0008
18.11.2019 14:33:08.458 GMT-0000,38.882,38.858000000000004,0,0.0008
18.11.2019 14:33:08.508 GMT-0000,38.891999999999996,38.878,0.002,0.002
18.11.2019 14:33:08.559 GMT-0000,38.902,38.878,0,0.0008
18.11.2019 14:33:08.795 GMT-0000,38.891999999999996,38.878,0,0.0008
18.11.2019 14:33:09.179 GMT-0000,38.893,38.877,0.002,0.002
18.11.2019 14:33:09.328 GMT-0000,38.891999999999996,38.878,0.002,0.002
18.11.2019 14:33:09.482 GMT-0000,38.882,38.868,0,0.0008
18.11.2019 14:33:09.533 GMT-0000,38.891999999999996,38.868,0,0.0008
18.11.2019 14:33:09.925 GMT-0000,38.883,38.867,0,0.002
18.11.2019 14:33:10.026 GMT-0000,38.891999999999996,38.868,0,0.0008
18.11.2019 14:33:10.276 GMT-0000,38.893,38.867,0.002,0.002
18.11.2019 14:33:10.588 GMT-0000,38.883,38.867,0,0.002
18.11.2019 14:33:10.638 GMT-0000,38.891999999999996,38.868,0,0.0008
18.11.2019 14:33:10.763 GMT-0000,38.891999999999996,38.877,0,0.0008
18.11.2019 14:33:11.165 GMT-0000,38.891999999999996,38.878,0,0.0008
18.11.2019 14:33:11.433 GMT-0000,38.893,38.877,0.002,0.002
18.11.2019 14:33:11.575 GMT-0000,38.891999999999996,38.878,0.002,0.002
18.11.2019 14:33:11.987 GMT-0000,38.891999999999996,38.868,0,0.0008
18.11.2019 14:33:12.120 GMT-0000,38.893,38.867,0.002,0.002
18.11.2019 14:33:12.170 GMT-0000,38.882,38.868,0,0.0008
18.11.2019 14:33:12.890 GMT-0000,38.883,38.867,0.002,0.002
18.11.2019 14:33:13.174 GMT-0000,38.883,38.878,0,0.0008
18.11.2019 14:33:13.224 GMT-0000,38.902,38.878,0.002,0.002
18.11.2019 14:33:13.525 GMT-0000,38.903000000000006,38.877,0.002,0.002
18.11.2019 14:33:13.640 GMT-0000,38.891999999999996,38.878,0,0.0008
18.11.2019 14:33:14.003 GMT-0000,38.893,38.877,0.002,0.002
18.11.2019 14:33:14.349 GMT-0000,38.891999999999996,38.878,0,0.0008
18.11.2019 14:33:14.400 GMT-0000,38.903000000000006,38.877,0.002,0.002
18.11.2019 14:33:14.728 GMT-0000,38.891999999999996,38.878,0.002,0.002
18.11.2019 14:33:14.875 GMT-0000,38.893,38.877,0.002,0.002
18.11.2019 14:33:15.185 GMT-0000,38.891999999999996,38.878,0.002,0.002
18.11.2019 14:33:15.687 GMT-0000,38.893,38.877,0.002,0.002
18.11.2019 14:33:15.899 GMT-0000,38.891999999999996,38.878,0,0.0008
18.11.2019 14:33:16.286 GMT-0000,38.902,38.878,0,0.0008
18.11.2019 14:33:16.337 GMT-0000,38.902,38.888000000000005,0,0.0008
18.11.2019 14:33:16.750 GMT-0000,38.903000000000006,38.887,0.002,0.002
18.11.2019 14:33:17.173 GMT-0000,38.922,38.908,0,0.0008
18.11.2019 14:33:17.646 GMT-0000,38.923,38.907,0.002,0.002
18.11.2019 14:33:18.140 GMT-0000,38.922,38.908,0,0.0008
18.11.2019 14:33:18.580 GMT-0000,38.922,38.918,0,0.0008
18.11.2019 14:33:18.631 GMT-0000,38.942,38.918,0,0.0008
18.11.2019 14:33:18.702 GMT-0000,38.933,38.918,0,0.0008
18.11.2019 14:33:18.752 GMT-0000,38.912,38.898,0,0.0008
18.11.2019 14:33:19.009 GMT-0000,38.913000000000004,38.898,0,0.0008
18.11.2019 14:33:19.182 GMT-0000,38.922,38.908,0.002,0.002
18.11.2019 14:33:19.583 GMT-0000,38.923,38.918,0,0.0008
18.11.2019 14:33:19.633 GMT-0000,38.932,38.918,0,0.0008
18.11.2019 14:33:19.734 GMT-0000,38.942,38.918,0,0.0008
18.11.2019 14:33:19.784 GMT-0000,38.942,38.928000000000004,0,0.0008
18.11.2019 14:33:19.918 GMT-0000,38.943000000000005,38.927,0.002,0.002
18.11.2019 14:33:20.058 GMT-0000,38.933,38.927,0,0.0008
18.11.2019 14:33:20.108 GMT-0000,38.932,38.918,0,0.0008
18.11.2019 14:33:20.274 GMT-0000,38.933,38.917,0.002,0.002
18.11.2019 14:33:20.398 GMT-0000,38.932,38.918,0,0.0008
18.11.2019 14:33:20.504 GMT-0000,38.942,38.928000000000004,0,0.0008
18.11.2019 14:33:20.808 GMT-0000,38.932,38.918,0,0.0008
18.11.2019 14:33:20.924 GMT-0000,38.933,38.917,0.002,0.002
18.11.2019 14:33:21.109 GMT-0000,38.932,38.918,0,0.0008
18.11.2019 14:33:21.386 GMT-0000,38.933,38.928000000000004,0,0.0008
18.11.2019 14:33:21.437 GMT-0000,38.952,38.928000000000004,0,0.0008
18.11.2019 14:33:21.610 GMT-0000,38.942,38.928000000000004,0.002,0.002
18.11.2019 14:33:22.302 GMT-0000,38.943000000000005,38.927,0.002,0.002
18.11.2019 14:33:22.480 GMT-0000,38.942,38.928000000000004,0,0.0008
18.11.2019 14:33:22.892 GMT-0000,38.943000000000005,38.927,0.002,0.002
18.11.2019 14:33:23.239 GMT-0000,38.942,38.928000000000004,0,0.0008
18.11.2019 14:33:24.003 GMT-0000,38.943000000000005,38.927,0.002,0.002
18.11.2019 14:33:24.124 GMT-0000,38.942,38.928000000000004,0,0.0008
18.11.2019 14:33:24.405 GMT-0000,38.952,38.938,0,0.0008
18.11.2019 14:33:26.579 GMT-0000,38.953,38.937,0.002,0.002
18.11.2019 14:33:26.957 GMT-0000,38.943000000000005,38.937,0,0.0008
18.11.2019 14:33:27.008 GMT-0000,38.943000000000005,38.927,0.002,0.002
18.11.2019 14:33:28.691 GMT-0000,38.952,38.938,0,0.0008
18.11.2019 14:33:29.753 GMT-0000,38.961999999999996,38.948,0,0.0008
18.11.2019 14:33:29.941 GMT-0000,38.963,38.946999999999996,0.002,0.002
18.11.2019 14:33:30.145 GMT-0000,38.953,38.937,0.002,0.002
18.11.2019 14:33:30.872 GMT-0000,38.952,38.938,0,0.0008
18.11.2019 14:33:31.637 GMT-0000,38.952,38.928000000000004,0,0.0008
18.11.2019 14:33:32.262 GMT-0000,38.943000000000005,38.928000000000004,0,0.0008
18.11.2019 14:33:32.980 GMT-0000,38.942,38.928000000000004,0.002,0.002
18.11.2019 14:33:33.387 GMT-0000,38.952,38.928000000000004,0,0.0008
18.11.2019 14:33:34.158 GMT-0000,38.952,38.938,0,0.0008
18.11.2019 14:33:34.384 GMT-0000,38.953,38.937,0.002,0.002
18.11.2019 14:33:34.518 GMT-0000,38.952,38.938,0,0.0008
18.11.2019 14:33:34.568 GMT-0000,38.952,38.928000000000004,0,0.0008
18.11.2019 14:33:34.760 GMT-0000,38.942,38.928000000000004,0,0.0008
18.11.2019 14:33:34.860 GMT-0000,38.952,38.928000000000004,0,0.0008
18.11.2019 14:33:35.377 GMT-0000,38.942,38.928000000000004,0,0.002
18.11.2019 14:33:35.478 GMT-0000,38.943000000000005,38.927,0.002,0.002
18.11.2019 14:33:35.819 GMT-0000,38.942,38.928000000000004,0,0.0008
18.11.2019 14:33:37.217 GMT-0000,38.942,38.937,0,0.0008
18.11.2019 14:33:37.267 GMT-0000,38.952,38.938,0,0.0008
18.11.2019 14:33:37.379 GMT-0000,38.953,38.937,0.002,0.002
18.11.2019 14:33:37.527 GMT-0000,38.952,38.928000000000004,0,0.0008
18.11.2019 14:33:37.629 GMT-0000,38.942,38.928000000000004,0.002,0.002
18.11.2019 14:33:37.730 GMT-0000,38.942,38.937,0,0.0008
18.11.2019 14:33:37.781 GMT-0000,38.952,38.938,0,0.0008
18.11.2019 14:33:37.895 GMT-0000,38.953,38.927,0.002,0.002
18.11.2019 14:33:38.106 GMT-0000,38.943000000000005,38.928000000000004,0,0.0008
18.11.2019 14:33:38.864 GMT-0000,38.943000000000005,38.927,0.002,0.002
18.11.2019 14:33:38.965 GMT-0000,38.952,38.928000000000004,0,0.0008
18.11.2019 14:33:40.053 GMT-0000,38.942,38.928000000000004,0,0.002
18.11.2019 14:33:40.154 GMT-0000,38.943000000000005,38.917,0.002,0.002
18.11.2019 14:33:40.209 GMT-0000,38.932,38.918,0,0.0008
18.11.2019 14:33:40.421 GMT-0000,38.933,38.917,0.002,0.002
18.11.2019 14:33:40.628 GMT-0000,38.932,38.917,0,0.0008
18.11.2019 14:33:40.803 GMT-0000,38.922,38.907,0,0.0008
18.11.2019 14:33:40.853 GMT-0000,38.922,38.898,0.002,0.002
18.11.2019 14:33:40.904 GMT-0000,38.922,38.908,0,0.0008
18.11.2019 14:33:41.692 GMT-0000,38.922,38.898,0.002,0.002
18.11.2019 14:33:41.793 GMT-0000,38.913000000000004,38.897,0.002,0.002
18.11.2019 14:33:42.618 GMT-0000,38.912,38.897,0,0.0008
18.11.2019 14:33:42.668 GMT-0000,38.903000000000006,38.887,0.002,0.002
18.11.2019 14:33:43.128 GMT-0000,38.903000000000006,38.898,0,0.0008
18.11.2019 14:33:43.179 GMT-0000,38.912,38.898,0.002,0.002
18.11.2019 14:33:43.229 GMT-0000,38.922,38.908,0.002,0.002
18.11.2019 14:33:43.280 GMT-0000,38.932,38.908,0.002,0.002
18.11.2019 14:33:43.526 GMT-0000,38.942,38.918,0,0.0008
18.11.2019 14:33:43.721 GMT-0000,38.923,38.917,0,0.0008
18.11.2019 14:33:43.800 GMT-0000,38.922,38.908,0,0.0008
18.11.2019 14:33:44.240 GMT-0000,38.932,38.908,0,0.0008
18.11.2019 14:33:44.290 GMT-0000,38.933,38.917,0.002,0.002
18.11.2019 14:33:44.391 GMT-0000,38.932,38.918,0,0.0008
18.11.2019 14:33:44.747 GMT-0000,38.933,38.917,0.002,0.002
18.11.2019 14:33:44.848 GMT-0000,38.932,38.918,0.002,0.002
18.11.2019 14:33:45.089 GMT-0000,38.933,38.917,0.002,0.002
18.11.2019 14:33:45.196 GMT-0000,38.932,38.908,0,0.0008
18.11.2019 14:33:45.515 GMT-0000,38.932,38.927,0,0.0008
18.11.2019 14:33:45.565 GMT-0000,38.972,38.958000000000006,0,0.0008
18.11.2019 14:33:46.073 GMT-0000,38.973000000000006,38.957,0.002,0.002
18.11.2019 14:33:46.617 GMT-0000,38.963,38.946999999999996,0.002,0.002
18.11.2019 14:33:46.718 GMT-0000,38.961999999999996,38.938,0.002,0.002
18.11.2019 14:33:47.283 GMT-0000,38.953,38.938,0,0.0008
18.11.2019 14:33:47.333 GMT-0000,38.952,38.928000000000004,0,0.0008
18.11.2019 14:33:47.538 GMT-0000,38.952,38.938,0,0.0008
18.11.2019 14:33:47.589 GMT-0000,38.952,38.928000000000004,0.002,0.002
18.11.2019 14:33:47.894 GMT-0000,38.952,38.938,0,0.0008
18.11.2019 14:33:48.113 GMT-0000,38.952,38.928000000000004,0.002,0.002
18.11.2019 14:33:48.259 GMT-0000,38.952,38.938,0.002,0.0008
18.11.2019 14:33:48.494 GMT-0000,38.961999999999996,38.938,0,0.0008
18.11.2019 14:33:48.545 GMT-0000,38.961999999999996,38.948,0.002,0.002
18.11.2019 14:33:48.650 GMT-0000,38.973000000000006,38.946999999999996,0.002,0.002
18.11.2019 14:33:48.700 GMT-0000,38.961999999999996,38.948,0,0.0008
18.11.2019 14:33:50.081 GMT-0000,38.963,38.946999999999996,0.002,0.002
18.11.2019 14:33:51.296 GMT-0000,38.953,38.946999999999996,0,0.0008
18.11.2019 14:33:51.347 GMT-0000,38.953,38.937,0.002,0.002
18.11.2019 14:33:51.626 GMT-0000,38.952,38.938,0,0.0008
18.11.2019 14:33:51.995 GMT-0000,38.953,38.937,0.002,0.002
18.11.2019 14:33:52.549 GMT-0000,38.942,38.928000000000004,0.002,0.002
18.11.2019 14:33:53.526 GMT-0000,38.952,38.928000000000004,0,0.0008
18.11.2019 14:33:54.037 GMT-0000,38.942,38.928000000000004,0,0.0008
18.11.2019 14:33:54.275 GMT-0000,38.943000000000005,38.927,0.002,0.002
18.11.2019 14:33:54.814 GMT-0000,38.942,38.928000000000004,0,0.0008
18.11.2019 14:33:55.072 GMT-0000,38.932,38.927,0,0.0008
18.11.2019 14:33:55.123 GMT-0000,38.932,38.918,0,0.0008
18.11.2019 14:33:55.237 GMT-0000,38.942,38.928000000000004,0,0.0008
18.11.2019 14:33:55.338 GMT-0000,38.943000000000005,38.927,0.002,0.002
18.11.2019 14:33:55.963 GMT-0000,38.972,38.948,0,0.0008
18.11.2019 14:33:56.327 GMT-0000,38.961999999999996,38.948,0,0.0008
18.11.2019 14:33:57.563 GMT-0000,38.973000000000006,38.946999999999996,0.002,0.002
18.11.2019 14:33:58.640 GMT-0000,38.972,38.948,0,0.0008
18.11.2019 14:33:58.769 GMT-0000,38.972,38.957,0,0.0008
18.11.2019 14:33:58.829 GMT-0000,38.983000000000004,38.957,0.002,0.002
18.11.2019 14:33:59.092 GMT-0000,38.982,38.968,0,0.0008
18.11.2019 14:33:59.718 GMT-0000,38.983000000000004,38.967,0.002,0.002
18.11.2019 14:34:00.249 GMT-0000,38.982,38.968,0,0.0008
18.11.2019 14:34:00.712 GMT-0000,38.992,38.978,0.002,0.002
18.11.2019 14:34:00.813 GMT-0000,39.002,38.988,0,0.0008
18.11.2019 14:34:01.399 GMT-0000,39.003,38.987,0.002,0.002
18.11.2019 14:34:01.959 GMT-0000,39.002,38.988,0,0.0008
18.11.2019 14:34:02.532 GMT-0000,39.003,38.987,0.002,0.002
18.11.2019 14:34:02.720 GMT-0000,39.003,38.988,0,0.0008
18.11.2019 14:34:02.770 GMT-0000,39.012,38.988,0.002,0.002
18.11.2019 14:34:02.821 GMT-0000,39.002,38.988,0,0.0008
18.11.2019 14:34:04.088 GMT-0000,39.003,38.987,0.002,0.002
18.11.2019 14:34:04.453 GMT-0000,39.002,38.988,0,0.0008
18.11.2019 14:34:04.631 GMT-0000,39.012,38.998000000000005,0,0.0008
18.11.2019 14:34:04.947 GMT-0000,39.013000000000005,39.007,0,0.0008
18.11.2019 14:34:04.998 GMT-0000,39.053000000000004,39.037,0.002,0.002
18.11.2019 14:34:05.330 GMT-0000,39.052,39.038000000000004,0.002,0.002
18.11.2019 14:34:05.431 GMT-0000,39.062,39.038000000000004,0,0.0008
18.11.2019 14:34:05.605 GMT-0000,39.062,39.048,0,0.0008
18.11.2019 14:34:05.706 GMT-0000,39.063,39.047,0.002,0.002
18.11.2019 14:34:05.834 GMT-0000,39.062,39.048,0,0.0008
18.11.2019 14:34:06.646 GMT-0000,39.063,39.047,0.002,0.002
18.11.2019 14:34:07.276 GMT-0000,39.083000000000006,39.057,0.002,0.002
18.11.2019 14:34:07.326 GMT-0000,39.092,39.068000000000005,0,0.0008
18.11.2019 14:34:07.439 GMT-0000,39.062,39.058,0,0.0008
18.11.2019 14:34:07.490 GMT-0000,39.062,39.048,0.002,0.002
18.11.2019 14:34:08.120 GMT-0000,39.073,39.047,0.002,0.002
18.11.2019 14:34:08.325 GMT-0000,39.073,39.057,0,0.0008
18.11.2019 14:34:08.376 GMT-0000,39.083000000000006,39.057,0.002,0.002
18.11.2019 14:34:08.564 GMT-0000,39.092,39.068000000000005,0.002,0.002
18.11.2019 14:34:08.693 GMT-0000,39.093,39.067,0.002,0.002
18.11.2019 14:34:08.794 GMT-0000,39.062,39.048,0,0.0008
18.11.2019 14:34:08.904 GMT-0000,39.071999999999996,39.048,0.002,0.002
18.11.2019 14:34:08.954 GMT-0000,39.062,39.048,0.002,0.002
18.11.2019 14:34:09.005 GMT-0000,39.052,39.028000000000006,0,0.0008
18.11.2019 14:34:09.311 GMT-0000,39.053000000000004,39.027,0.002,0.002
18.11.2019 14:34:09.725 GMT-0000,39.052,39.028000000000006,0,0.0008
18.11.2019 14:34:09.840 GMT-0000,39.071999999999996,39.048,0,0.0008
18.11.2019 14:34:10.002 GMT-0000,39.071999999999996,39.058,0,0.0008
18.11.2019 14:34:10.155 GMT-0000,39.082,39.058,0,0.0008
18.11.2019 14:34:10.901 GMT-0000,39.063,39.058,0,0.0008
18.11.2019 14:34:10.951 GMT-0000,39.042,39.018,0,0.0008
18.11.2019 14:34:11.117 GMT-0000,39.032,39.018,0,0.002
18.11.2019 14:34:11.390 GMT-0000,39.032,39.008,0,0.0008
18.11.2019 14:34:11.440 GMT-0000,39.042,39.018,0,0.0008
18.11.2019 14:34:12.757 GMT-0000,39.052,39.038000000000004,0,0.0008
18.11.2019 14:34:12.807 GMT-0000,39.062,39.038000000000004,0,0.0008
18.11.2019 14:34:12.858 GMT-0000,39.052,39.028000000000006,0.002,0.002
18.11.2019 14:34:13.107 GMT-0000,39.052,39.038000000000004,0.002,0.0008
18.11.2019 14:34:13.789 GMT-0000,39.062,39.038000000000004,0.002,0.002
18.11.2019 14:34:14.495 GMT-0000,39.053000000000004,39.037,0,0.002
18.11.2019 14:34:14.548 GMT-0000,39.062,39.038000000000004,0,0.0008
18.11.2019 14:34:14.956 GMT-0000,39.043,39.037,0,0.0008
18.11.2019 14:34:15.006 GMT-0000,39.042,39.018,0,0.0008
18.11.2019 14:34:15.135 GMT-0000,39.033,39.018,0,0.0008
18.11.2019 14:34:15.185 GMT-0000,39.022,38.998000000000005,0,0.0008
18.11.2019 14:34:15.236 GMT-0000,39.022,39.008,0,0.0008
18.11.2019 14:34:15.310 GMT-0000,39.033,39.007,0.002,0.002
18.11.2019 14:34:15.361 GMT-0000,39.012,38.998000000000005,0,0.0008
18.11.2019 14:34:15.512 GMT-0000,39.023,38.997,0.002,0.002
18.11.2019 14:34:15.876 GMT-0000,39.023,39.018,0,0.0008
18.11.2019 14:34:15.926 GMT-0000,39.042,39.018,0.002,0.002
18.11.2019 14:34:16.022 GMT-0000,39.032,39.018,0.002,0.002
18.11.2019 14:34:16.072 GMT-0000,39.042,39.018,0,0.0008
18.11.2019 14:34:16.318 GMT-0000,39.043,39.016999999999996,0.002,0.002
18.11.2019 14:34:16.419 GMT-0000,39.042,39.018,0.002,0.002
18.11.2019 14:34:16.658 GMT-0000,39.032,39.018,0,0.002
18.11.2019 14:34:16.899 GMT-0000,39.033,39.016999999999996,0.002,0.002
18.11.2019 14:34:17.171 GMT-0000,39.023,39.007,0.002,0.002
18.11.2019 14:34:17.304 GMT-0000,39.022,39.008,0.002,0.002
18.11.2019 14:34:17.559 GMT-0000,39.042,39.018,0,0.0008
18.11.2019 14:34:17.727 GMT-0000,39.032,39.008,0,0.0008
18.11.2019 14:34:18.231 GMT-0000,39.022,39.008,0,0.002
18.11.2019 14:34:18.336 GMT-0000,39.023,39.007,0.002,0.002
18.11.2019 14:34:18.458 GMT-0000,39.013000000000005,39.007,0,0.0008
18.11.2019 14:34:18.508 GMT-0000,39.013000000000005,38.997,0.002,0.002
18.11.2019 14:34:18.693 GMT-0000,39.023,38.997,0.002,0.002
18.11.2019 14:34:19.438 GMT-0000,39.012,38.998000000000005,0,0.0008
18.11.2019 14:34:20.381 GMT-0000,39.023,38.997,0.002,0.002
18.11.2019 14:34:20.740 GMT-0000,39.012,38.998000000000005,0.002,0.002
18.11.2019 14:34:20.841 GMT-0000,39.013000000000005,38.997,0.002,0.002
18.11.2019 14:34:21.270 GMT-0000,39.012,38.998000000000005,0,0.0008
18.11.2019 14:34:21.716 GMT-0000,39.022,39.008,0,0.0008
18.11.2019 14:34:21.817 GMT-0000,39.022,39.007,0,0.0008
18.11.2019 14:34:21.868 GMT-0000,39.022,38.998000000000005,0,0.0008
18.11.2019 14:34:22.123 GMT-0000,39.012,38.998000000000005,0,0.0008
18.11.2019 14:34:22.613 GMT-0000,39.022,38.998000000000005,0,0.0008
18.11.2019 14:34:23.239 GMT-0000,39.012,38.998000000000005,0,0.0008
18.11.2019 14:34:23.823 GMT-0000,39.013000000000005,38.997,0.002,0.002
18.11.2019 14:34:24.049 GMT-0000,39.022,38.998000000000005,0,0.0008
18.11.2019 14:34:24.973 GMT-0000,39.023,39.007,0.002,0.0008
18.11.2019 14:34:25.074 GMT-0000,39.043,39.027,0.002,0.002
18.11.2019 14:34:25.350 GMT-0000,39.042,39.028000000000006,0,0.0008
18.11.2019 14:34:25.908 GMT-0000,39.042,39.018,0,0.0008
18.11.2019 14:34:26.974 GMT-0000,39.032,39.018,0,0.0008
18.11.2019 14:34:27.079 GMT-0000,39.032,39.008,0,0.0008
18.11.2019 14:34:27.129 GMT-0000,39.022,38.998000000000005,0,0.0008
18.11.2019 14:34:27.277 GMT-0000,39.012,38.998000000000005,0,0.002
18.11.2019 14:34:27.378 GMT-0000,39.022,39.008,0,0.0008
18.11.2019 14:34:27.818 GMT-0000,39.032,39.018,0,0.0008
18.11.2019 14:34:28.245 GMT-0000,39.033,39.016999999999996,0.002,0.002
18.11.2019 14:34:28.354 GMT-0000,39.032,39.008,0,0.0008
18.11.2019 14:34:28.405 GMT-0000,39.022,39.008,0,0.0008
18.11.2019 14:34:28.837 GMT-0000,39.023,39.007,0.002,0.0008
18.11.2019 14:34:29.595 GMT-0000,39.012,38.998000000000005,0.002,0.002
18.11.2019 14:34:29.767 GMT-0000,39.022,38.998000000000005,0,0.0008
18.11.2019 14:34:29.817 GMT-0000,39.033,39.016999999999996,0.002,0.002
18.11.2019 14:34:29.988 GMT-0000,39.022,39.016999999999996,0,0.0008
18.11.2019 14:34:30.039 GMT-0000,39.012,38.998000000000005,0.002,0.002
18.11.2019 14:34:30.089 GMT-0000,39.022,39.008,0.002,0.002
18.11.2019 14:34:30.189 GMT-0000,39.013000000000005,38.997,0.002,0.002
18.11.2019 14:34:30.241 GMT-0000,39.022,38.998000000000005,0,0.0008
18.11.2019 14:34:30.307 GMT-0000,39.012,38.998000000000005,0,0.002
18.11.2019 14:34:30.553 GMT-0000,39.013000000000005,38.997,0.002,0.002
18.11.2019 14:34:30.981 GMT-0000,39.012,38.998000000000005,0,0.0008
18.11.2019 14:34:31.378 GMT-0000,39.013000000000005,38.997,0.002,0.002
18.11.2019 14:34:32.600 GMT-0000,39.012,38.998000000000005,0,0.0008
18.11.2019 14:34:32.855 GMT-0000,39.013000000000005,38.997,0.002,0.002
18.11.2019 14:34:33.459 GMT-0000,39.012,38.998000000000005,0,0.0008
18.11.2019 14:34:33.639 GMT-0000,39.015,38.997,0,0.002
18.11.2019 14:34:33.691 GMT-0000,39.082,39.068000000000005,0,0.0008
18.11.2019 14:34:33.831 GMT-0000,39.082,39.058,0,0.0008
18.11.2019 14:34:34.016 GMT-0000,39.071999999999996,39.048,0,0.0008
18.11.2019 14:34:34.066 GMT-0000,39.063,39.037,0.002,0.002
18.11.2019 14:34:34.695 GMT-0000,39.053000000000004,39.037,0,0.0008
18.11.2019 14:34:34.829 GMT-0000,39.042,39.028000000000006,0,0.0008
18.11.2019 14:34:35.065 GMT-0000,39.043,39.027,0.002,0.002
18.11.2019 14:34:35.656 GMT-0000,39.043,39.038000000000004,0,0.0008
18.11.2019 14:34:35.706 GMT-0000,39.062,39.038000000000004,0,0.0008
18.11.2019 14:34:35.757 GMT-0000,39.071999999999996,39.048,0,0.0008
18.11.2019 14:34:36.704 GMT-0000,39.071999999999996,39.038000000000004,0.002,0.002
18.11.2019 14:34:36.754 GMT-0000,39.071999999999996,39.048,0,0.0008
18.11.2019 14:34:36.866 GMT-0000,39.063,39.037,0.002,0.002
18.11.2019 14:34:37.723 GMT-0000,39.053000000000004,39.038000000000004,0,0.0008
18.11.2019 14:34:37.773 GMT-0000,39.052,39.028000000000006,0,0.0008
18.11.2019 14:34:37.886 GMT-0000,39.052,39.038000000000004,0,0.0008
18.11.2019 14:34:37.937 GMT-0000,39.062,39.038000000000004,0.002,0.002
18.11.2019 14:34:37.987 GMT-0000,39.052,39.028000000000006,0,0.0008
18.11.2019 14:34:38.113 GMT-0000,39.062,39.038000000000004,0,0.0008
18.11.2019 14:34:38.257 GMT-0000,39.053000000000004,39.038000000000004,0,0.0008
18.11.2019 14:34:38.375 GMT-0000,39.062,39.038000000000004,0.002,0.002
18.11.2019 14:34:38.426 GMT-0000,39.052,39.028000000000006,0,0.0008
18.11.2019 14:34:38.603 GMT-0000,39.042,39.018,0.002,0.002
18.11.2019 14:34:38.741 GMT-0000,39.052,39.038000000000004,0,0.0008
18.11.2019 14:34:38.860 GMT-0000,39.052,39.028000000000006,0,0.0008
18.11.2019 14:34:39.231 GMT-0000,39.042,39.028000000000006,0,0.0008
18.11.2019 14:34:39.422 GMT-0000,39.043,39.027,0.002,0.0008
18.11.2019 14:34:39.496 GMT-0000,39.042,39.018,0,0.0008
18.11.2019 14:34:39.648 GMT-0000,39.032,39.018,0.002,0.002
18.11.2019 14:34:39.948 GMT-0000,39.033,39.007,0.002,0.002
18.11.2019 14:34:40.065 GMT-0000,39.032,39.018,0.002,0.002
18.11.2019 14:34:40.231 GMT-0000,39.033,39.016999999999996,0.002,0.002
18.11.2019 14:34:40.332 GMT-0000,39.032,39.018,0,0.0008
18.11.2019 14:34:40.623 GMT-0000,39.022,39.008,0.002,0.002
18.11.2019 14:34:40.927 GMT-0000,39.032,39.008,0,0.0008
18.11.2019 14:34:41.070 GMT-0000,39.023,39.008,0,0.0008
18.11.2019 14:34:41.171 GMT-0000,39.032,39.008,0,0.0008
18.11.2019 14:34:41.835 GMT-0000,39.022,39.008,0,0.0008
18.11.2019 14:34:41.885 GMT-0000,39.032,39.008,0,0.0008
18.11.2019 14:34:42.109 GMT-0000,39.033,39.016999999999996,0.002,0.0008
18.11.2019 14:34:42.260 GMT-0000,39.042,39.018,0,0.0008
18.11.2019 14:34:42.469 GMT-0000,39.043,39.027,0.002,0.002
18.11.2019 14:34:42.525 GMT-0000,39.043,39.016999999999996,0.002,0.002
18.11.2019 14:34:42.852 GMT-0000,39.042,39.018,0,0.0008
18.11.2019 14:34:43.271 GMT-0000,39.032,39.018,0,0.0008
18.11.2019 14:34:43.321 GMT-0000,39.043,39.016999999999996,0.002,0.002
18.11.2019 14:34:43.439 GMT-0000,39.033,39.016999999999996,0,0.0008
18.11.2019 14:34:43.490 GMT-0000,39.032,39.008,0,0.0008
18.11.2019 14:34:43.799 GMT-0000,39.033,39.007,0.002,0.002
18.11.2019 14:34:43.906 GMT-0000,39.032,39.018,0,0.0008
18.11.2019 14:34:44.068 GMT-0000,39.033,39.016999999999996,0.002,0.002
18.11.2019 14:34:44.194 GMT-0000,39.033,39.007,0.002,0.002
18.11.2019 14:34:44.244 GMT-0000,39.022,39.008,0,0.0008
18.11.2019 14:34:44.599 GMT-0000,39.012,38.998000000000005,0,0.0008
18.11.2019 14:34:44.702 GMT-0000,39.013000000000005,38.997,0.002,0.002
18.11.2019 14:34:45.008 GMT-0000,39.012,38.998000000000005,0,0.0008
18.11.2019 14:34:45.132 GMT-0000,39.013000000000005,38.997,0.002,0.002
18.11.2019 14:34:45.233 GMT-0000,39.022,38.998000000000005,0,0.0008
18.11.2019 14:34:45.987 GMT-0000,39.033,39.007,0.002,0.002
18.11.2019 14:34:46.093 GMT-0000,39.032,39.008,0.002,0.002
18.11.2019 14:34:46.545 GMT-0000,39.033,39.007,0.002,0.002
18.11.2019 14:34:46.645 GMT-0000,39.022,39.008,0,0.0008
18.11.2019 14:34:46.746 GMT-0000,39.032,39.008,0,0.0008
18.11.2019 14:34:46.846 GMT-0000,39.042,39.028000000000006,0,0.0008
18.11.2019 14:34:46.969 GMT-0000,39.052,39.028000000000006,0,0.0008
18.11.2019 14:34:47.052 GMT-0000,39.043,39.028000000000006,0,0.0008
18.11.2019 14:34:47.103 GMT-0000,39.043,39.016999999999996,0.002,0.002
18.11.2019 14:34:47.392 GMT-0000,39.042,39.018,0,0.0008
18.11.2019 14:34:47.731 GMT-0000,39.032,39.018,0,0.0008
18.11.2019 14:34:48.775 GMT-0000,39.042,39.018,0,0.0008
18.11.2019 14:34:49.043 GMT-0000,39.052,39.028000000000006,0.002,0.002
18.11.2019 14:34:50.064 GMT-0000,39.043,39.028000000000006,0,0.0008
18.11.2019 14:34:50.663 GMT-0000,39.042,39.028000000000006,0,0.0008
18.11.2019 14:34:51.366 GMT-0000,39.043,39.027,0.002,0.002
18.11.2019 14:34:51.416 GMT-0000,39.042,39.018,0,0.0008
18.11.2019 14:34:51.467 GMT-0000,39.032,39.018,0,0.0008
18.11.2019 14:34:51.557 GMT-0000,39.032,39.008,0,0.0008
18.11.2019 14:34:52.105 GMT-0000,39.033,39.016999999999996,0.002,0.002
18.11.2019 14:34:52.230 GMT-0000,39.032,39.008,0,0.0008
18.11.2019 14:34:52.368 GMT-0000,39.032,39.018,0.002,0.0008
18.11.2019 14:34:52.419 GMT-0000,39.032,39.008,0,0.0008
18.11.2019 14:34:52.539 GMT-0000,39.033,39.016999999999996,0.002,0.002
18.11.2019 14:34:52.668 GMT-0000,39.033,39.007,0.002,0.002
18.11.2019 14:34:52.921 GMT-0000,39.022,38.998000000000005,0,0.0008
18.11.2019 14:34:53.507 GMT-0000,39.012,38.998000000000005,0,0.0008
18.11.2019 14:34:53.815 GMT-0000,39.022,39.008,0.002,0.002
18.11.2019 14:34:53.865 GMT-0000,39.023,38.997,0.002,0.002
18.11.2019 14:34:53.915 GMT-0000,39.013000000000005,38.997,0.002,0.002
18.11.2019 14:34:54.679 GMT-0000,39.012,38.998000000000005,0,0.0008
18.11.2019 14:34:54.808 GMT-0000,39.013000000000005,38.997,0.002,0.002
18.11.2019 14:34:54.858 GMT-0000,39.022,38.998000000000005,0,0.0008
18.11.2019 14:34:54.959 GMT-0000,39.032,39.008,0.002,0.002
18.11.2019 14:34:56.422 GMT-0000,39.022,38.998000000000005,0,0.0008
18.11.2019 14:34:56.526 GMT-0000,39.023,39.007,0.002,0.002
18.11.2019 14:34:56.753 GMT-0000,39.022,39.008,0,0.0008
18.11.2019 14:34:56.803 GMT-0000,39.033,39.007,0.002,0.002
18.11.2019 14:34:57.168 GMT-0000,39.032,39.008,0,0.0008
18.11.2019 14:34:57.432 GMT-0000,39.033,39.007,0.002,0.002
18.11.2019 14:34:57.585 GMT-0000,39.023,39.007,0,0.002
18.11.2019 14:34:58.610 GMT-0000,39.022,39.008,0,0.0008
18.11.2019 14:34:58.661 GMT-0000,39.032,39.008,0.002,0.002
18.11.2019 14:34:59.363 GMT-0000,39.033,39.007,0.002,0.002
18.11.2019 14:34:59.619 GMT-0000,39.032,39.008,0,0.0008
18.11.2019 14:35:00.020 GMT-0000,39.032,39.018,0,0.0008
18.11.2019 14:35:00.121 GMT-0000,39.013000000000005,39.008,0,0.0008
18.11.2019 14:35:00.172 GMT-0000,39.012,38.998000000000005,0,0.0008
18.11.2019 14:35:00.306 GMT-0000,39.022,38.998000000000005,0.002,0.002
18.11.2019 14:35:00.359 GMT-0000,39.012,38.998000000000005,0,0.0008
18.11.2019 14:35:00.550 GMT-0000,39.022,38.998000000000005,0,0.0008
18.11.2019 14:35:00.791 GMT-0000,39.023,38.997,0.002,0.002
18.11.2019 14:35:01.135 GMT-0000,39.022,38.998000000000005,0.002,0.002
18.11.2019 14:35:01.439 GMT-0000,39.032,39.008,0,0.0008
18.11.2019 14:35:01.641 GMT-0000,39.023,39.008,0,0.0008
18.11.2019 14:35:01.691 GMT-0000,39.022,38.998000000000005,0,0.0008
18.11.2019 14:35:01.742 GMT-0000,39.022,39.008,0,0.0008
18.11.2019 14:35:01.854 GMT-0000,39.023,39.008,0,0.0008
18.11.2019 14:35:01.904 GMT-0000,39.032,39.008,0,0.0008
18.11.2019 14:35:01.955 GMT-0000,39.023,39.007,0.002,0.002
18.11.2019 14:35:02.354 GMT-0000,39.032,39.008,0,0.0008
18.11.2019 14:35:02.687 GMT-0000,39.042,39.018,0.002,0.002
18.11.2019 14:35:02.788 GMT-0000,39.022,39.008,0,0.0008
18.11.2019 14:35:02.842 GMT-0000,39.032,39.008,0,0.0008
18.11.2019 14:35:03.049 GMT-0000,39.022,39.008,0,0.0008
18.11.2019 14:35:03.099 GMT-0000,39.032,39.008,0,0.0008
18.11.2019 14:35:03.986 GMT-0000,39.022,39.008,0.002,0.002
18.11.2019 14:35:04.808 GMT-0000,39.023,39.007,0.002,0.002
18.11.2019 14:35:04.923 GMT-0000,39.013000000000005,38.998000000000005,0,0.0008
18.11.2019 14:35:05.024 GMT-0000,39.013000000000005,38.997,0.002,0.002
18.11.2019 14:35:05.264 GMT-0000,39.032,39.008,0.002,0.002
18.11.2019 14:35:05.497 GMT-0000,39.033,39.007,0.002,0.002
18.11.2019 14:35:05.917 GMT-0000,39.032,39.008,0,0.0008
18.11.2019 14:35:06.575 GMT-0000,39.023,39.007,0,0.0008
18.11.2019 14:35:06.625 GMT-0000,39.023,38.997,0.002,0.002
18.11.2019 14:35:06.789 GMT-0000,39.022,38.998000000000005,0,0.0008
18.11.2019 14:35:06.922 GMT-0000,39.022,39.008,0,0.0008
18.11.2019 14:35:09.001 GMT-0000,39.022,38.998000000000005,0,0.0008
18.11.2019 14:35:09.051 GMT-0000,39.012,38.998000000000005,0,0.0008
18.11.2019 14:35:09.622 GMT-0000,39.013000000000005,38.997,0.002,0.002
18.11.2019 14:35:10.144 GMT-0000,39.012,38.998000000000005,0,0.0008
18.11.2019 14:35:11.069 GMT-0000,39.013000000000005,38.997,0.002,0.002
18.11.2019 14:35:11.267 GMT-0000,39.012,38.988,0.002,0.002
18.11.2019 14:35:11.465 GMT-0000,39.013000000000005,38.987,0.002,0.002
18.11.2019 14:35:11.580 GMT-0000,39.012,38.988,0,0.0008
18.11.2019 14:35:11.668 GMT-0000,39.012,38.998000000000005,0,0.0008
18.11.2019 14:35:11.963 GMT-0000,39.013000000000005,38.997,0.002,0.002
18.11.2019 14:35:12.237 GMT-0000,39.012,38.988,0.002,0.002
18.11.2019 14:35:12.406 GMT-0000,39.012,38.998000000000005,0,0.0008
18.11.2019 14:35:12.507 GMT-0000,39.022,39.008,0,0.0008
18.11.2019 14:35:13.239 GMT-0000,39.022,38.998000000000005,0.002,0.002
18.11.2019 14:35:13.475 GMT-0000,39.023,38.997,0.002,0.002
18.11.2019 14:35:13.647 GMT-0000,39.022,38.998000000000005,0,0.0008
18.11.2019 14:35:13.765 GMT-0000,39.022,39.008,0.002,0.002
18.11.2019 14:35:14.028 GMT-0000,39.032,39.008,0,0.0008
18.11.2019 14:35:14.232 GMT-0000,39.022,39.008,0.002,0.002
18.11.2019 14:35:15.355 GMT-0000,39.032,39.018,0,0.0008
18.11.2019 14:35:15.817 GMT-0000,39.033,39.016999999999996,0.002,0.002
18.11.2019 14:35:16.050 GMT-0000,39.032,39.018,0,0.0008
18.11.2019 14:35:16.369 GMT-0000,39.032,39.008,0.002,0.002
18.11.2019 14:35:16.585 GMT-0000,39.042,39.028000000000006,0,0.0008
18.11.2019 14:35:16.685 GMT-0000,39.052,39.028000000000006,0.002,0.002
18.11.2019 14:35:16.736 GMT-0000,39.043,39.016999999999996,0.002,0.002
18.11.2019 14:35:16.872 GMT-0000,39.042,39.018,0,0.0008
18.11.2019 14:35:17.401 GMT-0000,39.032,39.008,0,0.0008
18.11.2019 14:35:17.701 GMT-0000,39.032,39.016999999999996,0,0.0008
18.11.2019 14:35:18.283 GMT-0000,39.032,39.018,0,0.001
18.11.2019 14:35:18.334 GMT-0000,39.052,39.038000000000004,0.002,0.002
18.11.2019 14:35:18.503 GMT-0000,39.052,39.028000000000006,0.002,0.002
18.11.2019 14:35:19.760 GMT-0000,39.052,39.037,0,0.0008
18.11.2019 14:35:19.861 GMT-0000,39.052,39.038000000000004,0.002,0.002
18.11.2019 14:35:19.974 GMT-0000,39.052,39.048,0,0.0008
18.11.2019 14:35:20.025 GMT-0000,39.062,39.048,0,0.0008
18.11.2019 14:35:20.637 GMT-0000,39.063,39.047,0.002,0.002
18.11.2019 14:35:20.851 GMT-0000,39.062,39.048,0,0.0008
18.11.2019 14:35:21.016 GMT-0000,39.063,39.047,0.002,0.002
18.11.2019 14:35:22.072 GMT-0000,39.062,39.048,0,0.0008
18.11.2019 14:35:22.172 GMT-0000,39.062,39.038000000000004,0.002,0.002
18.11.2019 14:35:22.309 GMT-0000,39.062,39.048,0.002,0.002
18.11.2019 14:35:22.429 GMT-0000,39.071999999999996,39.058,0,0.0008
18.11.2019 14:35:22.768 GMT-0000,39.073,39.047,0.002,0.002
18.11.2019 14:35:22.934 GMT-0000,39.071999999999996,39.048,0,0.0008
18.11.2019 14:35:23.191 GMT-0000,39.071999999999996,39.058,0,0.0008
18.11.2019 14:35:23.793 GMT-0000,39.073,39.047,0.002,0.002
18.11.2019 14:35:24.039 GMT-0000,39.071999999999996,39.048,0,0.0008
18.11.2019 14:35:24.414 GMT-0000,39.073,39.047,0.002,0.002
18.11.2019 14:35:24.519 GMT-0000,39.071999999999996,39.048,0,0.0008
18.11.2019 14:35:24.673 GMT-0000,39.071999999999996,39.058,0.002,0.002
18.11.2019 14:35:24.724 GMT-0000,39.082,39.058,0.002,0.002
18.11.2019 14:35:25.273 GMT-0000,39.082,39.068000000000005,0,0.0008
18.11.2019 14:35:25.701 GMT-0000,39.092,39.078,0.002,0.0008
18.11.2019 14:35:25.751 GMT-0000,39.092,39.068000000000005,0.002,0.002
18.11.2019 14:35:25.941 GMT-0000,39.082,39.058,0,0.0008
18.11.2019 14:35:26.560 GMT-0000,39.071999999999996,39.058,0.002,0.002
18.11.2019 14:35:26.611 GMT-0000,39.071999999999996,39.048,0.002,0.002
18.11.2019 14:35:27.152 GMT-0000,39.073,39.047,0.002,0.002
18.11.2019 14:35:27.241 GMT-0000,39.063,39.047,0,0.002
18.11.2019 14:35:27.392 GMT-0000,39.062,39.038000000000004,0.002,0.002
18.11.2019 14:35:27.997 GMT-0000,39.052,39.037,0,0.0008
18.11.2019 14:35:28.047 GMT-0000,39.052,39.028000000000006,0,0.0008
18.11.2019 14:35:28.248 GMT-0000,39.042,39.028000000000006,0.002,0.002
18.11.2019 14:35:28.680 GMT-0000,39.032,39.027,0,0.0008
18.11.2019 14:35:28.730 GMT-0000,39.033,39.007,0.002,0.002
18.11.2019 14:35:28.780 GMT-0000,39.032,39.018,0,0.0008
18.11.2019 14:35:28.831 GMT-0000,39.042,39.018,0,0.0008
18.11.2019 14:35:29.070 GMT-0000,39.033,39.016999999999996,0.002,0.002
18.11.2019 14:35:30.186 GMT-0000,39.033,39.027,0,0.0008
18.11.2019 14:35:30.236 GMT-0000,39.052,39.028000000000006,0,0.0008
18.11.2019 14:35:30.350 GMT-0000,39.052,39.037,0,0.0008
18.11.2019 14:35:30.400 GMT-0000,39.043,39.027,0.002,0.002
18.11.2019 14:35:30.462 GMT-0000,39.032,39.027,0,0.0008
18.11.2019 14:35:30.513 GMT-0000,39.033,39.007,0.002,0.002
18.11.2019 14:35:30.670 GMT-0000,39.032,39.008,0.002,0.002
18.11.2019 14:35:30.771 GMT-0000,39.042,39.018,0,0.0008
18.11.2019 14:35:30.940 GMT-0000,39.042,39.028000000000006,0,0.0008
18.11.2019 14:35:31.498 GMT-0000,39.052,39.028000000000006,0.002,0.002
18.11.2019 14:35:31.949 GMT-0000,39.052,39.038000000000004,0.002,0.0008
18.11.2019 14:35:32.403 GMT-0000,39.053000000000004,39.037,0.002,0.002
18.11.2019 14:35:32.919 GMT-0000,39.042,39.028000000000006,0,0.0008
18.11.2019 14:35:33.414 GMT-0000,39.043,39.027,0.002,0.002
18.11.2019 14:35:33.465 GMT-0000,39.043,39.016999999999996,0.002,0.002
18.11.2019 14:35:33.757 GMT-0000,39.042,39.028000000000006,0,0.0008
18.11.2019 14:35:34.439 GMT-0000,39.042,39.018,0.002,0.002
18.11.2019 14:35:34.619 GMT-0000,39.042,39.028000000000006,0.002,0.0008
18.11.2019 14:35:35.307 GMT-0000,39.043,39.027,0.002,0.002
18.11.2019 14:35:35.469 GMT-0000,39.042,39.028000000000006,0,0.0008
18.11.2019 14:35:35.824 GMT-0000,39.042,39.027,0,0.0008
18.11.2019 14:35:35.874 GMT-0000,39.042,39.018,0,0.0008
18.11.2019 14:35:36.530 GMT-0000,39.042,39.028000000000006,0.002,0.0008
18.11.2019 14:35:36.793 GMT-0000,39.042,39.018,0,0.0008
18.11.2019 14:35:37.381 GMT-0000,39.042,39.027,0,0.0008
18.11.2019 14:35:39.211 GMT-0000,39.042,39.028000000000006,0,0.0008
18.11.2019 14:35:39.261 GMT-0000,39.042,39.018,0,0.0008
18.11.2019 14:35:39.714 GMT-0000,39.042,39.027,0,0.0008
18.11.2019 14:35:39.815 GMT-0000,39.042,39.028000000000006,0.002,0.002
18.11.2019 14:35:41.783 GMT-0000,39.043,39.027,0.002,0.002
18.11.2019 14:35:42.696 GMT-0000,39.043,39.037,0,0.0008
18.11.2019 14:35:42.747 GMT-0000,39.052,39.038000000000004,0.002,0.002
18.11.2019 14:35:43.124 GMT-0000,39.053000000000004,39.037,0,0.002
18.11.2019 14:35:43.175 GMT-0000,39.043,39.027,0.002,0.002
18.11.2019 14:35:43.290 GMT-0000,39.053000000000004,39.027,0.002,0.002
18.11.2019 14:35:43.545 GMT-0000,39.052,39.028000000000006,0,0.0008
18.11.2019 14:35:43.648 GMT-0000,39.053000000000004,39.027,0.002,0.002
18.11.2019 14:35:43.698 GMT-0000,39.062,39.038000000000004,0.002,0.002
18.11.2019 14:35:44.192 GMT-0000,39.053000000000004,39.037,0.002,0.002
18.11.2019 14:35:44.357 GMT-0000,39.052,39.038000000000004,0,0.0008
18.11.2019 14:35:44.478 GMT-0000,39.062,39.048,0.002,0.002
18.11.2019 14:35:45.621 GMT-0000,39.063,39.047,0.002,0.002
18.11.2019 14:35:45.758 GMT-0000,39.062,39.047,0,0.0008
18.11.2019 14:35:45.838 GMT-0000,39.063,39.037,0.002,0.002
18.11.2019 14:35:45.888 GMT-0000,39.052,39.038000000000004,0.002,0.002
18.11.2019 14:35:46.159 GMT-0000,39.062,39.038000000000004,0,0.0008
18.11.2019 14:35:47.663 GMT-0000,39.053000000000004,39.038000000000004,0,0.0008
18.11.2019 14:35:47.767 GMT-0000,39.052,39.028000000000006,0.002,0.002
18.11.2019 14:35:48.021 GMT-0000,39.043,39.028000000000006,0,0.0008
18.11.2019 14:35:48.196 GMT-0000,39.042,39.028000000000006,0.002,0.002
18.11.2019 14:35:48.344 GMT-0000,39.043,39.027,0,0.002
18.11.2019 14:35:48.395 GMT-0000,39.053000000000004,39.027,0.002,0.002
18.11.2019 14:35:48.725 GMT-0000,39.052,39.038000000000004,0.002,0.0008
18.11.2019 14:35:49.051 GMT-0000,39.062,39.038000000000004,0.002,0.002
18.11.2019 14:35:49.852 GMT-0000,39.063,39.037,0.002,0.002
18.11.2019 14:35:50.028 GMT-0000,39.062,39.038000000000004,0,0.0008
18.11.2019 14:35:50.329 GMT-0000,39.063,39.037,0.002,0.002
18.11.2019 14:35:50.792 GMT-0000,39.062,39.038000000000004,0,0.0008
18.11.2019 14:35:51.027 GMT-0000,39.062,39.048,0,0.0008
18.11.2019 14:35:52.344 GMT-0000,39.063,39.047,0.002,0.002
18.11.2019 14:35:52.445 GMT-0000,39.062,39.048,0.002,0.002
18.11.2019 14:35:53.523 GMT-0000,39.063,39.057,0,0.0008
18.11.2019 14:35:53.573 GMT-0000,39.082,39.058,0,0.0008
18.11.2019 14:35:53.624 GMT-0000,39.073,39.057,0.002,0.002
18.11.2019 14:35:53.731 GMT-0000,39.071999999999996,39.058,0,0.0008
18.11.2019 14:35:54.308 GMT-0000,39.073,39.057,0.002,0.002
18.11.2019 14:35:54.358 GMT-0000,39.071999999999996,39.048,0,0.0008
18.11.2019 14:35:54.433 GMT-0000,39.073,39.057,0.002,0.0008
18.11.2019 14:35:55.059 GMT-0000,39.071999999999996,39.058,0,0.0008
18.11.2019 14:35:55.110 GMT-0000,39.082,39.058,0,0.0008
18.11.2019 14:35:55.401 GMT-0000,39.082,39.067,0,0.0008
18.11.2019 14:35:55.502 GMT-0000,39.082,39.068000000000005,0,0.0008
18.11.2019 14:35:56.457 GMT-0000,39.083000000000006,39.067,0.002,0.002
18.11.2019 14:35:56.538 GMT-0000,39.083000000000006,39.057,0.002,0.002
18.11.2019 14:35:56.672 GMT-0000,39.082,39.068000000000005,0,0.0008
18.11.2019 14:35:58.459 GMT-0000,39.083000000000006,39.067,0.002,0.002
18.11.2019 14:35:59.777 GMT-0000,39.082,39.068000000000005,0,0.0008
18.11.2019 14:36:00.052 GMT-0000,39.083000000000006,39.067,0.002,0.002
18.11.2019 14:36:00.248 GMT-0000,39.082,39.068000000000005,0,0.0008
18.11.2019 14:36:01.150 GMT-0000,39.083000000000006,39.067,0.002,0.002
18.11.2019 14:36:01.399 GMT-0000,39.082,39.068000000000005,0,0.0008
18.11.2019 14:36:01.537 GMT-0000,39.083000000000006,39.067,0.002,0.002
18.11.2019 14:36:01.638 GMT-0000,39.082,39.068000000000005,0,0.0008
18.11.2019 14:36:02.605 GMT-0000,39.073,39.057,0.002,0.002
18.11.2019 14:36:02.712 GMT-0000,39.071999999999996,39.058,0,0.0008
18.11.2019 14:36:03.603 GMT-0000,39.073,39.057,0.002,0.002
18.11.2019 14:36:03.753 GMT-0000,39.082,39.058,0,0.0008
18.11.2019 14:36:03.872 GMT-0000,39.083000000000006,39.057,0.002,0.002
18.11.2019 14:36:04.030 GMT-0000,39.082,39.067,0,0.0008
18.11.2019 14:36:04.330 GMT-0000,39.082,39.068000000000005,0,0.0008
18.11.2019 14:36:04.692 GMT-0000,39.083000000000006,39.067,0.002,0.002
18.11.2019 14:36:04.797 GMT-0000,39.082,39.068000000000005,0.002,0.002
18.11.2019 14:36:05.207 GMT-0000,39.083000000000006,39.067,0.002,0.002
18.11.2019 14:36:05.667 GMT-0000,39.082,39.068000000000005,0,0.0008
18.11.2019 14:36:06.280 GMT-0000,39.083000000000006,39.067,0.002,0.002
18.11.2019 14:36:06.397 GMT-0000,39.082,39.068000000000005,0,0.0008
18.11.2019 14:36:06.545 GMT-0000,39.083000000000006,39.067,0.002,0.002
18.11.2019 14:36:06.719 GMT-0000,39.082,39.068000000000005,0,0.0008
18.11.2019 14:36:07.037 GMT-0000,39.083000000000006,39.067,0.002,0.002
18.11.2019 14:36:07.245 GMT-0000,39.082,39.068000000000005,0,0.0008
18.11.2019 14:36:07.536 GMT-0000,39.083000000000006,39.067,0.002,0.002
18.11.2019 14:36:07.662 GMT-0000,39.082,39.068000000000005,0,0.0008
18.11.2019 14:36:08.484 GMT-0000,39.083000000000006,39.067,0.002,0.002
18.11.2019 14:36:08.651 GMT-0000,39.082,39.068000000000005,0,0.0008
18.11.2019 14:36:11.074 GMT-0000,39.083000000000006,39.067,0.002,0.002
18.11.2019 14:36:11.432 GMT-0000,39.082,39.068000000000005,0,0.0008
18.11.2019 14:36:11.942 GMT-0000,39.083000000000006,39.067,0.002,0.002
18.11.2019 14:36:12.139 GMT-0000,39.082,39.068000000000005,0,0.0008
18.11.2019 14:36:12.276 GMT-0000,39.083000000000006,39.067,0.002,0.002
18.11.2019 14:36:12.518 GMT-0000,39.082,39.068000000000005,0,0.0008
18.11.2019 14:36:12.760 GMT-0000,39.083000000000006,39.067,0.002,0.002
18.11.2019 14:36:13.058 GMT-0000,39.082,39.068000000000005,0,0.0008
18.11.2019 14:36:13.801 GMT-0000,39.083000000000006,39.067,0.002,0.002
18.11.2019 14:36:15.257 GMT-0000,39.082,39.068000000000005,0,0.0008
18.11.2019 14:36:15.687 GMT-0000,39.092,39.078,0,0.0008
18.11.2019 14:36:17.167 GMT-0000,39.093,39.077,0.002,0.002
18.11.2019 14:36:17.328 GMT-0000,39.092,39.078,0,0.0008
18.11.2019 14:36:18.249 GMT-0000,39.093,39.077,0.002,0.002
18.11.2019 14:36:18.436 GMT-0000,39.092,39.078,0,0.0008
18.11.2019 14:36:21.604 GMT-0000,39.093,39.077,0.002,0.002
18.11.2019 14:36:22.026 GMT-0000,39.092,39.078,0,0.0008
18.11.2019 14:36:22.316 GMT-0000,39.093,39.077,0.002,0.002
18.11.2019 14:36:22.475 GMT-0000,39.092,39.078,0,0.0008
18.11.2019 14:36:23.042 GMT-0000,39.093,39.077,0.002,0.002
18.11.2019 14:36:23.179 GMT-0000,39.092,39.078,0,0.0008
18.11.2019 14:36:24.126 GMT-0000,39.093,39.077,0.002,0.0008
18.11.2019 14:36:24.176 GMT-0000,39.092,39.068000000000005,0,0.0008
18.11.2019 14:36:24.527 GMT-0000,39.093,39.077,0.002,0.0008
18.11.2019 14:36:24.717 GMT-0000,39.092,39.078,0.002,0.002
18.11.2019 14:36:26.987 GMT-0000,39.093,39.077,0.002,0.002
18.11.2019 14:36:27.179 GMT-0000,39.092,39.078,0,0.0008
18.11.2019 14:36:27.646 GMT-0000,39.093,39.077,0.002,0.002
18.11.2019 14:36:27.747 GMT-0000,39.092,39.078,0,0.0008
18.11.2019 14:36:28.174 GMT-0000,39.093,39.077,0.002,0.002
18.11.2019 14:36:28.275 GMT-0000,39.092,39.078,0,0.0008
18.11.2019 14:36:29.075 GMT-0000,39.092,39.088,0,0.0008
18.11.2019 14:36:29.126 GMT-0000,39.103,39.086999999999996,0.002,0.002
18.11.2019 14:36:29.329 GMT-0000,39.102,39.088,0,0.0008
18.11.2019 14:36:30.834 GMT-0000,39.103,39.086999999999996,0.002,0.002
18.11.2019 14:36:32.230 GMT-0000,39.102,39.088,0,0.0008
18.11.2019 14:36:32.877 GMT-0000,39.103,39.086999999999996,0.002,0.002
18.11.2019 14:36:32.978 GMT-0000,39.102,39.088,0,0.0008
18.11.2019 14:36:34.544 GMT-0000,39.103,39.086999999999996,0.002,0.002
18.11.2019 14:36:34.894 GMT-0000,39.102,39.088,0,0.0008
18.11.2019 14:36:35.695 GMT-0000,39.103,39.086999999999996,0.002,0.002
18.11.2019 14:36:36.514 GMT-0000,39.102,39.088,0,0.0008
18.11.2019 14:36:38.573 GMT-0000,39.102,39.086999999999996,0,0.0008
18.11.2019 14:36:39.036 GMT-0000,39.103,39.086999999999996,0.002,0.002
18.11.2019 14:36:39.232 GMT-0000,39.102,39.088,0,0.0008
18.11.2019 14:36:39.850 GMT-0000,39.103,39.086999999999996,0.002,0.002
18.11.2019 14:36:40.033 GMT-0000,39.102,39.088,0,0.0008
18.11.2019 14:36:40.299 GMT-0000,39.103,39.086999999999996,0.002,0.002
18.11.2019 14:36:40.675 GMT-0000,39.102,39.088,0.002,0.002
18.11.2019 14:36:41.273 GMT-0000,39.112,39.088,0.002,0.002
18.11.2019 14:36:41.352 GMT-0000,39.102,39.088,0.002,0.002
18.11.2019 14:36:43.016 GMT-0000,39.112,39.088,0,0.0008
18.11.2019 14:36:43.425 GMT-0000,39.113,39.086999999999996,0.002,0.002
18.11.2019 14:36:43.475 GMT-0000,39.102,39.088,0,0.0008
18.11.2019 14:36:43.722 GMT-0000,39.103,39.086999999999996,0.002,0.002
18.11.2019 14:36:44.059 GMT-0000,39.113,39.086999999999996,0.002,0.002
18.11.2019 14:36:44.171 GMT-0000,39.112,39.088,0,0.0008
18.11.2019 14:36:44.635 GMT-0000,39.112,39.098000000000006,0,0.0008
18.11.2019 14:36:44.685 GMT-0000,39.103,39.086999999999996,0.002,0.002
18.11.2019 14:36:44.903 GMT-0000,39.102,39.088,0.002,0.002
18.11.2019 14:36:45.412 GMT-0000,39.103,39.086999999999996,0.002,0.002
18.11.2019 14:36:45.513 GMT-0000,39.102,39.088,0,0.0008
18.11.2019 14:36:46.366 GMT-0000,39.112,39.098000000000006,0,0.0008
18.11.2019 14:36:48.289 GMT-0000,39.113,39.097,0.002,0.0008
18.11.2019 14:36:48.342 GMT-0000,39.102,39.078,0,0.0008
18.11.2019 14:36:48.540 GMT-0000,39.103,39.077,0.002,0.002
18.11.2019 14:36:48.916 GMT-0000,39.102,39.078,0.002,0.002
18.11.2019 14:36:49.157 GMT-0000,39.102,39.088,0,0.0008
18.11.2019 14:36:49.435 GMT-0000,39.073,39.047,0.002,0.002
18.11.2019 14:36:49.646 GMT-0000,39.071999999999996,39.048,0,0.0008
18.11.2019 14:36:49.697 GMT-0000,39.053000000000004,39.037,0.002,0.002
18.11.2019 14:36:49.847 GMT-0000,39.052,39.038000000000004,0,0.0008
18.11.2019 14:36:50.128 GMT-0000,39.053000000000004,39.037,0.002,0.002
18.11.2019 14:36:50.609 GMT-0000,39.053000000000004,39.027,0.002,0.002
18.11.2019 14:36:50.659 GMT-0000,39.042,39.028000000000006,0,0.0008
18.11.2019 14:36:51.432 GMT-0000,39.042,39.018,0.002,0.002
18.11.2019 14:36:51.623 GMT-0000,39.042,39.028000000000006,0.002,0.0008
18.11.2019 14:36:52.233 GMT-0000,39.052,39.028000000000006,0,0.0008
18.11.2019 14:36:52.521 GMT-0000,39.053000000000004,39.037,0.002,0.0008
18.11.2019 14:36:52.928 GMT-0000,39.052,39.038000000000004,0,0.0008
18.11.2019 14:36:53.063 GMT-0000,39.042,39.028000000000006,0.002,0.002
18.11.2019 14:36:53.167 GMT-0000,39.042,39.027,0,0.0008
18.11.2019 14:36:53.361 GMT-0000,39.032,39.018,0,0.0008
18.11.2019 14:36:53.676 GMT-0000,39.042,39.018,0,0.0008
18.11.2019 14:36:53.986 GMT-0000,39.032,39.018,0,0.0008
18.11.2019 14:36:54.935 GMT-0000,39.043,39.027,0.002,0.002
18.11.2019 14:36:55.249 GMT-0000,39.042,39.018,0,0.0008
18.11.2019 14:36:55.851 GMT-0000,39.043,39.016999999999996,0.002,0.002
18.11.2019 14:36:56.017 GMT-0000,39.042,39.018,0,0.0008
18.11.2019 14:36:56.126 GMT-0000,39.043,39.016999999999996,0.002,0.002
18.11.2019 14:36:56.792 GMT-0000,39.042,39.018,0,0.0008
18.11.2019 14:36:56.956 GMT-0000,39.042,39.028000000000006,0.002,0.0008
18.11.2019 14:36:57.397 GMT-0000,39.042,39.018,0,0.0008
18.11.2019 14:36:57.490 GMT-0000,39.032,39.016999999999996,0,0.0008
18.11.2019 14:36:57.541 GMT-0000,39.032,39.008,0.002,0.002
18.11.2019 14:36:57.892 GMT-0000,39.033,39.007,0.002,0.002
18.11.2019 14:36:58.282 GMT-0000,39.032,39.018,0,0.0008
18.11.2019 14:36:58.472 GMT-0000,39.033,39.016999999999996,0.002,0.002
18.11.2019 14:36:58.608 GMT-0000,39.022,39.008,0,0.0008
18.11.2019 14:36:59.382 GMT-0000,39.023,39.007,0.002,0.002
18.11.2019 14:37:00.235 GMT-0000,39.022,39.008,0,0.0008
18.11.2019 14:37:00.353 GMT-0000,39.013000000000005,38.997,0.002,0.002
18.11.2019 14:37:00.706 GMT-0000,39.012,38.998000000000005,0.002,0.002
18.11.2019 14:37:00.908 GMT-0000,39.012,39.008,0,0.0008
18.11.2019 14:37:00.958 GMT-0000,39.023,39.007,0.002,0.002
18.11.2019 14:37:01.009 GMT-0000,39.022,38.998000000000005,0,0.0008
18.11.2019 14:37:01.220 GMT-0000,39.023,39.007,0.002,0.0008
18.11.2019 14:37:01.271 GMT-0000,39.022,38.998000000000005,0,0.0008
18.11.2019 14:37:01.432 GMT-0000,39.012,38.998000000000005,0,0.0008
18.11.2019 14:37:01.562 GMT-0000,39.022,38.998000000000005,0.002,0.002
18.11.2019 14:37:01.612 GMT-0000,39.012,38.998000000000005,0.002,0.002
18.11.2019 14:37:01.805 GMT-0000,39.013000000000005,38.997,0.002,0.002
18.11.2019 14:37:01.856 GMT-0000,39.023,38.997,0.002,0.002
18.11.2019 14:37:02.289 GMT-0000,39.013000000000005,38.997,0,0.002
18.11.2019 14:37:02.547 GMT-0000,39.012,38.998000000000005,0,0.0008
18.11.2019 14:37:05.300 GMT-0000,39.022,38.998000000000005,0,0.0008
18.11.2019 14:37:05.416 GMT-0000,39.022,39.008,0.002,0.0008
18.11.2019 14:37:05.753 GMT-0000,39.023,39.007,0.002,0.002
18.11.2019 14:37:06.035 GMT-0000,39.022,39.008,0,0.0008
18.11.2019 14:37:06.540 GMT-0000,39.012,38.998000000000005,0,0.0008
18.11.2019 14:37:06.827 GMT-0000,39.013000000000005,38.997,0.002,0.0008
18.11.2019 14:37:06.878 GMT-0000,38.992,38.978,0,0.0008
18.11.2019 14:37:06.928 GMT-0000,39.003,38.987,0.002,0.002
18.11.2019 14:37:07.083 GMT-0000,39.002,38.988,0,0.0008
18.11.2019 14:37:07.134 GMT-0000,38.992,38.978,0,0.0008
18.11.2019 14:37:08.482 GMT-0000,38.992,38.977,0,0.0008
18.11.2019 14:37:08.533 GMT-0000,38.992,38.968,0.002,0.002
18.11.2019 14:37:08.866 GMT-0000,38.993,38.967,0.002,0.002
18.11.2019 14:37:09.059 GMT-0000,38.992,38.968,0,0.0008
18.11.2019 14:37:10.051 GMT-0000,38.993,38.977,0.002,0.002
18.11.2019 14:37:11.723 GMT-0000,38.992,38.978,0,0.0008
18.11.2019 14:37:12.283 GMT-0000,38.982,38.977,0,0.0008
18.11.2019 14:37:12.336 GMT-0000,38.982,38.968,0.002,0.002
18.11.2019 14:37:12.518 GMT-0000,38.982,38.958000000000006,0.002,0.002
18.11.2019 14:37:12.757 GMT-0000,38.983000000000004,38.957,0.002,0.002
18.11.2019 14:37:13.460 GMT-0000,38.982,38.968,0,0.0008
18.11.2019 14:37:13.739 GMT-0000,38.982,38.958000000000006,0,0.0008
18.11.2019 14:37:14.682 GMT-0000,38.982,38.968,0,0.0008
18.11.2019 14:37:14.783 GMT-0000,38.982,38.958000000000006,0,0.0008
18.11.2019 14:37:15.744 GMT-0000,38.982,38.968,0,0.0008
18.11.2019 14:37:15.794 GMT-0000,38.992,38.968,0,0.0008
18.11.2019 14:37:15.895 GMT-0000,38.983000000000004,38.967,0.002,0.002
18.11.2019 14:37:16.044 GMT-0000,38.982,38.968,0,0.0008
18.11.2019 14:37:17.603 GMT-0000,38.983000000000004,38.967,0.002,0.0008
18.11.2019 14:37:17.654 GMT-0000,38.982,38.958000000000006,0,0.0008
18.11.2019 14:37:19.531 GMT-0000,38.983000000000004,38.967,0.002,0.0008
18.11.2019 14:37:19.683 GMT-0000,38.982,38.968,0,0.0008
18.11.2019 14:37:20.090 GMT-0000,38.983000000000004,38.967,0.002,0.002
18.11.2019 14:37:20.482 GMT-0000,38.982,38.968,0,0.0008
18.11.2019 14:37:21.118 GMT-0000,38.983000000000004,38.967,0.002,0.002
18.11.2019 14:37:21.261 GMT-0000,38.982,38.968,0,0.0008
18.11.2019 14:37:21.516 GMT-0000,38.983000000000004,38.967,0.002,0.002
18.11.2019 14:37:21.702 GMT-0000,38.982,38.968,0,0.0008
18.11.2019 14:37:22.060 GMT-0000,38.972,38.967,0,0.0008
18.11.2019 14:37:22.110 GMT-0000,38.972,38.958000000000006,0,0.0008
18.11.2019 14:37:22.269 GMT-0000,38.972,38.948,0,0.0008
18.11.2019 14:37:22.502 GMT-0000,38.973000000000006,38.946999999999996,0.002,0.002
18.11.2019 14:37:22.714 GMT-0000,38.972,38.948,0,0.0008
18.11.2019 14:37:23.289 GMT-0000,38.963,38.948,0,0.0008
18.11.2019 14:37:23.448 GMT-0000,38.972,38.948,0.002,0.002
18.11.2019 14:37:23.516 GMT-0000,38.961999999999996,38.948,0,0.0008
18.11.2019 14:37:23.874 GMT-0000,38.963,38.946999999999996,0.002,0.002
18.11.2019 14:37:23.979 GMT-0000,38.961999999999996,38.948,0,0.0008
18.11.2019 14:37:24.246 GMT-0000,38.963,38.946999999999996,0.002,0.002
18.11.2019 14:37:24.628 GMT-0000,38.961999999999996,38.948,0,0.0008
18.11.2019 14:37:25.384 GMT-0000,38.963,38.946999999999996,0.002,0.002
18.11.2019 14:37:25.485 GMT-0000,38.961999999999996,38.948,0,0.0008
18.11.2019 14:37:28.795 GMT-0000,38.963,38.946999999999996,0.002,0.002
18.11.2019 14:37:29.178 GMT-0000,38.961999999999996,38.948,0,0.0008
18.11.2019 14:37:30.100 GMT-0000,38.963,38.946999999999996,0.002,0.002
18.11.2019 14:37:30.224 GMT-0000,38.961999999999996,38.948,0.002,0.002
18.11.2019 14:37:31.159 GMT-0000,38.963,38.946999999999996,0.002,0.002
18.11.2019 14:37:31.352 GMT-0000,38.961999999999996,38.948,0,0.0008
18.11.2019 14:37:31.891 GMT-0000,38.963,38.946999999999996,0.002,0.002
18.11.2019 14:37:32.069 GMT-0000,38.961999999999996,38.948,0.002,0.002
18.11.2019 14:37:33.641 GMT-0000,38.983000000000004,38.957,0.002,0.002
18.11.2019 14:37:33.692 GMT-0000,38.982,38.968,0.002,0.002
18.11.2019 14:37:34.515 GMT-0000,38.983000000000004,38.967,0.002,0.002
18.11.2019 14:37:34.616 GMT-0000,38.982,38.968,0,0.0008
18.11.2019 14:37:34.733 GMT-0000,38.982,38.958000000000006,0,0.0008
18.11.2019 14:37:35.165 GMT-0000,38.972,38.958000000000006,0.002,0.002
18.11.2019 14:37:35.215 GMT-0000,38.982,38.958000000000006,0,0.0008
18.11.2019 14:37:35.603 GMT-0000,38.982,38.968,0,0.0008
18.11.2019 14:37:35.786 GMT-0000,38.983000000000004,38.967,0.002,0.002
18.11.2019 14:37:36.022 GMT-0000,38.982,38.968,0,0.0008
18.11.2019 14:37:38.665 GMT-0000,38.983000000000004,38.967,0.002,0.002
18.11.2019 14:37:39.275 GMT-0000,38.982,38.968,0,0.0008
18.11.2019 14:37:39.956 GMT-0000,38.983000000000004,38.957,0.002,0.002
18.11.2019 14:37:40.061 GMT-0000,38.982,38.968,0,0.0008
18.11.2019 14:37:41.309 GMT-0000,38.972,38.958000000000006,0,0.0008
18.11.2019 14:37:41.562 GMT-0000,38.973000000000006,38.957,0.002,0.002
18.11.2019 14:37:41.844 GMT-0000,38.972,38.958000000000006,0.002,0.002
18.11.2019 14:37:42.214 GMT-0000,38.972,38.948,0.002,0.002
18.11.2019 14:37:42.451 GMT-0000,38.972,38.958000000000006,0,0.0008
18.11.2019 14:37:43.290 GMT-0000,38.973000000000006,38.946999999999996,0.002,0.002
18.11.2019 14:37:43.468 GMT-0000,38.972,38.948,0,0.0008
18.11.2019 14:37:43.619 GMT-0000,38.973000000000006,38.946999999999996,0.002,0.002
18.11.2019 14:37:43.883 GMT-0000,38.973000000000006,38.957,0.002,0.002
18.11.2019 14:37:44.131 GMT-0000,38.983000000000004,38.967,0.002,0.002
18.11.2019 14:37:44.264 GMT-0000,38.982,38.968,0,0.0008
18.11.2019 14:37:44.865 GMT-0000,38.983000000000004,38.967,0.002,0.002
18.11.2019 14:37:45.381 GMT-0000,38.982,38.968,0,0.0008
18.11.2019 14:37:45.971 GMT-0000,38.983000000000004,38.967,0.002,0.002
18.11.2019 14:37:46.117 GMT-0000,38.982,38.958000000000006,0,0.0008
18.11.2019 14:37:46.245 GMT-0000,38.982,38.977,0,0.0008
18.11.2019 14:37:46.296 GMT-0000,38.992,38.978,0,0.0008
18.11.2019 14:37:47.532 GMT-0000,38.993,38.977,0.002,0.0008
18.11.2019 14:37:47.583 GMT-0000,38.992,38.968,0,0.0008
18.11.2019 14:37:47.633 GMT-0000,38.992,38.978,0.002,0.002
18.11.2019 14:37:48.180 GMT-0000,38.992,38.968,0.002,0.002
18.11.2019 14:37:48.582 GMT-0000,38.992,38.978,0.002,0.002
18.11.2019 14:37:50.346 GMT-0000,38.993,38.977,0.002,0.002
18.11.2019 14:37:50.450 GMT-0000,39.002,38.988,0,0.0008
18.11.2019 14:37:50.553 GMT-0000,39.003,38.987,0.002,0.002
18.11.2019 14:37:50.747 GMT-0000,39.002,38.978,0.002,0.002
18.11.2019 14:37:50.797 GMT-0000,38.992,38.978,0,0.0008
18.11.2019 14:37:50.847 GMT-0000,38.993,38.967,0.002,0.002
18.11.2019 14:37:50.957 GMT-0000,38.992,38.968,0,0.0008
18.11.2019 14:37:51.208 GMT-0000,38.992,38.987,0,0.0008
18.11.2019 14:37:51.260 GMT-0000,39.002,38.988,0,0.0008
18.11.2019 14:37:53.172 GMT-0000,39.003,38.987,0.002,0.002
18.11.2019 14:37:53.277 GMT-0000,39.002,38.988,0,0.0008
18.11.2019 14:37:54.534 GMT-0000,39.002,38.978,0.002,0.002
18.11.2019 14:37:54.646 GMT-0000,39.002,38.988,0,0.0008
18.11.2019 14:37:57.351 GMT-0000,39.003,38.987,0.002,0.002
18.11.2019 14:37:57.487 GMT-0000,39.002,38.988,0,0.0008
18.11.2019 14:37:58.185 GMT-0000,39.002,38.987,0,0.0008
18.11.2019 14:37:58.235 GMT-0000,39.002,38.978,0.002,0.002
18.11.2019 14:37:59.310 GMT-0000,39.002,38.988,0.002,0.0008
18.11.2019 14:37:59.360 GMT-0000,39.003,38.977,0.002,0.002
18.11.2019 14:37:59.974 GMT-0000,39.002,38.988,0,0.0008
18.11.2019 14:38:00.280 GMT-0000,39.012,38.998000000000005,0,0.0008
18.11.2019 14:38:00.544 GMT-0000,39.053000000000004,39.037,0.002,0.002
18.11.2019 14:38:00.645 GMT-0000,39.053000000000004,39.027,0.002,0.002
18.11.2019 14:38:01.002 GMT-0000,39.053000000000004,39.037,0.002,0.0008
18.11.2019 14:38:01.229 GMT-0000,39.052,39.038000000000004,0,0.0008
18.11.2019 14:38:01.618 GMT-0000,39.053000000000004,39.037,0.002,0.002
18.11.2019 14:38:02.090 GMT-0000,39.052,39.038000000000004,0,0.0008
18.11.2019 14:38:02.323 GMT-0000,39.043,39.037,0,0.0008
18.11.2019 14:38:02.374 GMT-0000,39.052,39.028000000000006,0,0.0008
18.11.2019 14:38:02.780 GMT-0000,39.042,39.028000000000006,0.002,0.002
18.11.2019 14:38:02.920 GMT-0000,39.042,39.038000000000004,0,0.0008
18.11.2019 14:38:02.970 GMT-0000,39.062,39.048,0,0.0008
18.11.2019 14:38:03.143 GMT-0000,39.063,39.047,0.002,0.002
18.11.2019 14:38:03.254 GMT-0000,39.083000000000006,39.057,0.002,0.002
18.11.2019 14:38:03.320 GMT-0000,39.071999999999996,39.058,0,0.0008
18.11.2019 14:38:03.478 GMT-0000,39.073,39.057,0.002,0.0008
18.11.2019 14:38:03.528 GMT-0000,39.071999999999996,39.048,0.002,0.002
18.11.2019 14:38:03.695 GMT-0000,39.071999999999996,39.057,0,0.0008
18.11.2019 14:38:04.438 GMT-0000,39.062,39.038000000000004,0,0.0008
18.11.2019 14:38:04.765 GMT-0000,39.063,39.047,0.002,0.0008
18.11.2019 14:38:04.982 GMT-0000,39.062,39.048,0.002,0.002
18.11.2019 14:38:06.642 GMT-0000,39.062,39.047,0,0.0008
18.11.2019 14:38:06.693 GMT-0000,39.062,39.038000000000004,0,0.0008
18.11.2019 14:38:07.070 GMT-0000,39.062,39.047,0,0.0008
18.11.2019 14:38:07.171 GMT-0000,39.062,39.048,0,0.0008
18.11.2019 14:38:07.443 GMT-0000,39.063,39.058,0,0.0008
18.11.2019 14:38:07.494 GMT-0000,39.082,39.058,0.002,0.002
18.11.2019 14:38:07.788 GMT-0000,39.083000000000006,39.057,0.002,0.002
18.11.2019 14:38:07.838 GMT-0000,39.071999999999996,39.058,0,0.0008
18.11.2019 14:38:07.981 GMT-0000,39.082,39.058,0,0.0008
18.11.2019 14:38:08.613 GMT-0000,39.083000000000006,39.057,0.002,0.002
18.11.2019 14:38:08.778 GMT-0000,39.071999999999996,39.058,0,0.0008
18.11.2019 14:38:09.241 GMT-0000,39.071999999999996,39.048,0,0.0008
